2072 2846
1728 218 1765 247 17

162 308 192 338 p.
216 301 277 331 416
300 301 332 330 et
347 298 379 329 11
402 308 431 339 p.
456 300 517 329 240
539 296 757 337 imperfectum
779 297 957 337 requisivit,
986 307 1047 329 non
1077 299 1238 330 consentio
1269 298 1351 338 quod
1374 297 1511 338 μεμόνει
1533 298 1763 331 restituendum

163 350 315 382 iudicavit
335 348 552 390 persuasitque
573 347 737 380 Ahrensio.
781 347 842 380 Sed
870 358 909 380 ne
931 359 1001 380 eum
1023 348 1182 380 Meinekio
1204 348 1331 389 quidem
1353 349 1456 381 facere
1477 351 1594 388 ausim,
1615 351 1671 392 qui
1693 353 1765 391 post

164 401 288 433 Lehrsii
309 401 433 432 doctam
452 399 704 430 observationem
725 399 758 430 in
777 408 847 439 epp.
869 403 1002 440 quaestt.
1021 410 1050 440 p.
1065 402 1127 432 274
1143 400 1318 440 perfectum
1337 400 1477 440 μέμονεν
1499 401 1553 433 hic
1573 402 1682 434 aoristi
1702 402 1766 434 vim

164 452 282 485 habere
309 450 434 488 statuit,
463 460 543 490 quae
573 450 655 481 ratio
686 450 711 481 si
739 453 815 481 nota
843 449 952 482 fuisset
978 451 1182 488 Buttmanno,
1214 462 1275 483 non
1309 452 1478 493 cogitasset
1511 452 1545 483 in
1577 453 1677 485 altera
1708 453 1765 486 illa

164 503 297 536 lectione
318 502 444 543 μέμαεν
473 501 512 533 de
540 501 651 533 aoristi
677 501 778 533 forma
807 501 847 533 ad
870 501 1108 534 similitudinem
1131 502 1290 534 Homerici
1320 503 1436 535 δέδαεν
1467 503 1584 544 ficta*).
1629 504 1690 536 Sed
1716 507 1764 537 est

167 558 273 586 tamen
302 553 386 594 quod
414 553 545 584 Lehrsio
572 553 653 585 hanc
680 553 856 585 doctrinam
882 554 955 585 huic
982 554 1049 585 loco
1078 553 1242 585 adhibenti
1272 554 1399 586 obstare
1425 555 1577 587 videatur.
1628 555 1768 587 Primum

163 605 249 637 enim
270 605 324 637 ubi
341 604 525 644 imperfecto
542 614 619 645 opus
638 608 701 640 est,
718 605 797 636 nihil
812 605 970 637 lucramur
985 604 1073 636 illam
1087 605 1196 636 aoristi
1217 604 1350 637 formam
1371 607 1562 644 statuentes3
1582 605 1696 637 deinde
1710 606 1764 638 ille

164 666 238 687 usus
259 655 424 696 quaeritur
445 654 521 695 quid
551 655 628 686 iuris
659 655 776 687 habeat
804 655 837 686 in
859 660 955 695 poeta
982 657 1065 688 haud
1087 657 1182 689 dubie
1209 657 1301 698 longe
1323 657 1510 697 antiquioris
1535 658 1650 689 aetatis
1670 668 1765 698 quam

164 707 268 738 Nonni
285 707 332 738 illi
348 710 379 738 et
392 707 509 744 Quinti.
540 706 647 738 Nihilo
663 707 763 739 secius
780 708 866 739 salva
887 711 935 739 est
955 718 1012 748 per
1029 709 1254 750 grammaticae
1270 709 1354 749 leges
1370 708 1471 740 forma
1486 708 1542 740 illa
1557 709 1623 741 sive
1637 709 1765 750 μέμαεν

163 757 262 788 mavis
284 757 348 788 sive
375 768 455 797 quae
484 758 518 788 in
546 758 615 798 ipsa
645 768 769 799 quoque
799 759 914 790 codicis
936 759 1071 791 Parisini
1092 760 1124 791 M
1149 760 1284 792 lectione
1314 760 1441 791 latuisse
1468 760 1593 792 videtur
1614 760 1763 800 μέμονεν,

164 808 219 840 sed
241 809 304 840 alia
327 812 432 840 tamen
452 809 590 847 ratione,
615 820 653 841 ea
671 820 766 851 quam
788 811 893 852 tetigit
912 811 997 843 idem
1011 811 1158 844 Lehrsius
1179 822 1208 852 p.
1226 815 1288 844 274
1312 815 1453 844 extrema
1471 813 1505 844 in
1527 813 1622 845 verbo
1646 811 1765 844 δείδιεν

163 864 195 893 et
215 861 397 893 melioribus
419 862 569 902 exemplis
588 862 758 894 illustravit
774 863 953 905 Kruegerus
975 874 1103 906 gramm.
1127 873 1259 905 graecae
1284 863 1316 894 ΙΙ
1337 874 1367 904 p.
1391 866 1460 896 240.
1496 863 1661 896 Certorum
1680 864 1765 896 enim

163 913 330 944 verborum
349 913 489 953 perfecta
508 913 554 944 ita
572 913 635 945 iam
650 914 733 954 apud
747 914 917 947 Homerum
931 915 1159 956 adoptaverunt
1175 916 1350 955 praesentis
1363 915 1523 947 notionem
1545 918 1580 946 ut
1594 915 1765 948 eorundem

161 965 257 996 tertia
279 965 446 1006 singularis
474 965 597 997 numeri
619 974 754 1005 persona
783 975 840 1005 pro
862 966 1055 1006 imperfectis
1076 976 1229 1006 usurpare
1251 966 1378 1004 liceret3
1406 976 1499 1006 quem
1521 976 1611 997 usum
1639 965 1680 998 ad
1702 965 1767 998 alia

162 1017 258 1049 verba
287 1018 516 1049 transtulerunt
539 1020 651 1057 poetae
672 1017 896 1055 Alexandrini,
924 1019 1099 1059 promiscue
1130 1019 1261 1050 indulsit
1290 1019 1350 1051 sibi
1374 1018 1517 1055 Nonnus,
1545 1019 1599 1059 qui
1629 1018 1764 1059 denique

162 1078 199 1100 eo
220 1078 402 1109 progressus
423 1072 470 1100 est
491 1068 638 1100 licentiae
661 1072 697 1100 ut
719 1079 782 1101 non
803 1070 904 1101 solum
920 1070 1052 1102 eandem
1068 1071 1201 1102 formam
1218 1070 1258 1102 ad
1276 1071 1385 1102 aoristi
1402 1071 1563 1102 notionem
1581 1070 1764 1110 applicaret,

162 1119 217 1152 sed
240 1119 335 1151 etiam
358 1119 453 1150 tertia
467 1120 598 1159 pluralis
618 1121 739 1152 numeri
760 1121 876 1158 forma,
890 1132 971 1162 quae
985 1122 1065 1154 nihil
1082 1133 1245 1154 commune
1261 1122 1358 1154 habet
1371 1133 1443 1154 cum
1457 1122 1609 1162 temporis
1623 1122 1764 1154 historici

158 1171 272 1209 forma,
293 1171 334 1202 ad
350 1171 482 1204 eandem
504 1183 570 1204 rein
584 1172 775 1204 abuteretur.
801 1173 926 1205 Etenim
947 1174 1028 1205 iusto
1042 1175 1112 1214 plus
1135 1175 1332 1206 contendisse
1356 1175 1480 1206 videtur
1496 1175 1658 1213 Lehrsius,
1680 1176 1765 1217 quod

163 1223 234 1255 illas
256 1223 387 1263 perfecti
407 1223 523 1255 formas
545 1234 652 1255 omnes
674 1223 714 1255 ad
734 1234 830 1255 unum
852 1225 1003 1256 aoristum
1023 1226 1153 1258 rettulit.
1191 1228 1240 1258 An
1263 1227 1313 1258 cui
1335 1228 1367 1258 in
1389 1227 1447 1259 tali
1466 1227 1534 1258 loco
1556 1227 1766 1268 Dionysiacon

159 1276 222 1308 VII
235 1278 296 1308 262
311 1274 474 1314 (ἓσκεῑῑέος
491 1275 668 1315 σκοτιάζει·
682 1275 859 1319 ἐλεύθερον
878 1276 997 1316 αὐχένα
1015 1276 1147 1320 κούρῃς,
1163 1279 1287 1318 Στι-’ςηντι
1306 1278 1340 1308 15:j
1356 1278 1482 1316 μῶλλον
1497 1274 1616 1309 ν’)’,τωῑιε
1635 1278 1765 1311 dubium

165 1338 231 1359 esse
251 1330 355 1367 potest
377 1328 520 1367 proxima-
540 1328 650 1369 utique
672 1327 899 1365 consideranti,
922 1328 998 1368 quin
1019 1330 1192 1359 extremum
1216 1327 1345 1360 verbum
1361 1328 1521 1360 notionem
1534 1338 1611 1368 prae
1632 1339 1664 1360 se
1684 1329 1766 1362 ferat

158 1380 358 1420 imperfecti?
401 1379 514 1420 Itaque
536 1380 634 1411 nostri
666 1380 814 1411 carminis
841 1382 1002 1411 auctorem
1023 1380 1068 1411 sic
1090 1380 1253 1420 scripsisse
1275 1380 1438 1420 probabile
1470 1382 1533 1412 est:
1565 1377 1629 1421 νόῳ
1652 1377 1680 1411 6⁴
1705 1379 1762 1412 ἐπὶ

163 1429 257 1464 πόλλ’
283 1429 437 1471 ἐμενοίνα
460 1430 578 1473 diosna
606 1442 640 1462 τε
670 1430 776 1472 θηρὸς
808 1427 891 1471 ὁρῶν
922 1429 1132 1471 χειροπληθῆ
1165 1441 1201 1460 τε
1234 1428 1389 1473 κορύνην,
1409 1427 1585 1462 ‘Oamicter
1607 1429 1624 1461 ὁ
1651 1432 1763 1469 ξεῖνος·

158 1482 299 1523 μέμονεν
323 1481 359 1512 δέ
381 1492 437 1521 μιν
460 1480 529 1513 αἰὲν
553 1479 710 1524 ἐρέσθαι,
726 1478 799 1523 ’Ἀψ
823 1478 851 1511 δ’
875 1476 958 1522 ἕίκιιῳ
983 1481 1050 1511 κτλ.

318 1531 370 1563 VS.
397 1535 466 1565 163.
509 1529 662 1574 Ὡςείῑτερ
687 1531 887 1573 σφειέρχμιν
911 1530 957 1561 ἑνὶ
981 1530 1080 1573 φρεσὶ
1102 1530 1271 1571 βάλλομαι
1297 1527 1382 1574 ἄρτι.

159 1584 218 1616 Hic
241 1594 365 1625 quoque
386 1583 552 1615 literarum
573 1581 714 1614 desectus
736 1585 791 1614 aut
811 1583 986 1615 attenuatio
1008 1592 1118 1614 ansam
1146 1582 1269 1615 videtur
1297 1583 1420 1616 dedisse
1448 1584 1673 1617 instaurandae
1695 1588 1766 1617 utut

158 1636 228 1669 fieri
255 1636 358 1676 potuit
385 1635 568 1667 sententiae.
613 1634 701 1666 Libri
723 1632 865 1675 ὦςείπερ
894 1633 942 1665 vel
966 1630 1011 1670 ὥς
1043 1631 1153 1676 εἴπερ,
1177 1634 1260 1666 unde
1289 1634 1370 1666 nihil
1400 1634 1469 1666 sani
1490 1635 1632 1667 extriees.
1676 1636 1766 1674 Quod

159 1685 295 1718 maxime
323 1685 386 1716 dici
415 1684 574 1716 desideres
601 1696 639 1716 ei·
667 1695 720 1725 quo
744 1688 878 1725 primum
910 1688 936 1715 {e
966 1685 1038 1720 vidi,
1068 1686 1237 1714 resuscitata
1259 1686 1337 1715 mihi
1356 1687 1397 1715 est
1418 1687 1554 1715 memoria
1576 1686 1661 1716 illius
1680 1696 1764 1726 quam

157 1739 224 1768 alim
247 1738 282 1767 de
309 1740 334 1767 te
355 1737 457 1767 audl'm‘
471 1737 590 1776 famae,
621 1736 653 1767 id
682 1736 813 1769 fortasse
843 1746 905 1769 non
927 1737 1020 1768 nimis
1050 1736 1187 1768 violenta
1215 1737 1389 1769 mutatione
1419 1737 1509 1769 reddi
1532 1737 1631 1777 possit
1652 1740 1765 1777 poetae

156 1788 214 1819 hoc
234 1787 326 1819 modo
349 1787 394 1825 ὥς
418 1785 446 1819 σ’
472 1782 573 1820 εἶδον.
595 1787 794 1829 σφετέρῃσιν
823 1786 869 1819 ἐνὶ
895 1787 994 1830 φρεσὶ
1016 1786 1186 1828 (mileum
1209 1784 1294 1831 ἄρτι.
1341 1788 1451 1830 Neque
1481 1788 1675 1821 haerendum
1698 1799 1764 1822 esse

156 1839 190 1870 in
213 1839 273 1870 hac
302 1839 460 1870 locutione
482 1835 527 1876 ὦς
555 1834 643 1870 εἶδον
676 1834 767 1880 ὄὶρτι,
794 1838 1019 1880 ε’μβάλλολιιαι,
1052 1839 1129 1872 haee
1160 1840 1296 1880 probent
1322 1840 1466 1881 exempla
1487 1840 1678 1882 Theognidis
1703 1844 1764 1874 997

163 1886 246 1931 ἦμος
277 1887 305 1920 d'
335 1886 446 1931 ἠέλιος
474 1890 534 1929 Δμὲν
562 1888 596 1920 ἑν
624 1887 741 1932 αἰθέρι
767 1888 920 1930 μώνυχας
947 1889 1074 1928 ἵππους
1098 1887 1191 1932 'Apu
1230 1892 1452 1934 παραγγέλλει
1479 1892 1645 1932 μέσῳ-αῖον
1675 1888 1764 1936 ἦμαρ

154 1941 254 1982 ἔχων,
280 1940 429 1973 Δείπνου
461 1941 500 1983 δὴ
524 1940 697 1985 λήγοιμρν,
722 1944 755 1974 et
775 1941 866 1974 Arati
889 1944 950 1975 606
981 1939 999 1983 ἡ
1029 1942 1064 1973 de*
1090 1942 1161 1974 θέει
1185 1961 1227 1966 —
1249 1961 1299 1979 —,
1325 1945 1506 1987 Παρθένος
1535 1939 1618 1984 ἦμος
1647 1942 1764 1976 ἅπασα

153 1992 338 2037 περαιόθεν
361 1988 436 2035 ἔρτι
458 1993 600 2034 γένηται.

304 2062 330 2095 a¹³)
351 2062 379 2088 Si
396 2062 447 2088 tale
467 2062 529 2094 quid
545 2069 626 2087 ausus
645 2065 685 2087 est
704 2061 874 2093 Theocritus,
893 2061 1049 2087 crediderIm
1067 2061 1100 2086 Xl
1123 2064 1156 2087 60
1175 2062 1342 2088 scribendum
1364 2071 1424 2088 esse
1446 2066 1497 2090 νῦν
1518 2064 1591 2099 μάν,
1610 2061 1632 2091 ὦ
1658 2065 1762 2101 κόριον,

154 2109 204 2134 νῦν
221 2104 287 2133 αὐτό
305 2115 335 2132 κε
349 2108 408 2132 refu
427 2102 602 2138 μεμάθοιμι,
622 2112 673 2136 quo
693 2105 792 2130 ducunt
808 2104 935 2130 lectiones
953 2113 990 2138 με
1002 2106 1148 2139 μαθεῦμαι
1167 2108 1193 2130 el
1208 2108 1400 2140 μιμαθεῡμαι.
1426 2108 1493 2133 Tum
1510 2111 1645 2143 μέμαθομ
1663 2111 1762 2136 sactum

149 2154 294 2177 staiuemus
314 2148 434 2181 exemplo
453 2148 609 2173 aoristorum
625 2145 797 2181 μεμάποιεν,
817 2147 963 2177 πεπαλών,
983 2150 1100 2176 aliorum.

1425 2210 1430 2223 ¹
1532 2202 1549 2231 3
