2072 2846
290 266 328 295 10

291 345 375 378 enim
397 343 483 374 locus
503 343 536 372 et
554 350 574 372 a
595 339 744 372 solutiore
759 338 886 371 dicendi
907 349 1022 379 genere
1036 336 1189 369 Herodoti
1211 338 1446 370 excusationem
1462 338 1559 370 habet
1575 348 1633 370 1188
1651 337 1736 370 iusta
1749 340 1907 370 structura

290 397 384 438 plane
414 393 598 426 destituitur
624 394 755 432 propter
784 389 976 431 praecedens
1005 386 1260 430 κατορύσσουσι.
1302 383 1462 429 Ὀμματα
1491 386 1597 431 ὀρθός
1624 393 1730 421 autem
1751 389 1854 430 qualis
1875 389 1909 421 in

290 446 440 480 luctando
472 444 684 485 intelligatur,
718 444 852 482 apparet
889 451 929 473 ex
959 438 1081 479 dispari
1113 439 1231 479 pugilis
1262 438 1388 477 habitu,
1419 439 1459 471 de
1491 450 1554 481 quo
1576 451 1666 472 versu
1689 443 1729 473 90
1754 439 1907 472 ἐπέκειτο

297 497 454 536 νενευκώς
474 495 524 534 Ἐς
547 498 644 537 γαῖαν
667 497 700 526 81
725 496 784 526 120
808 492 926 532 ὁοχμὸς
949 488 1018 522 ἀπὸ
1041 490 1213 533 προβολῆς
1227 489 1386 528 κλινθείς.
1409 509 1451 514 -
1472 491 1595 524 Deinde
1618 492 1702 534 quod
1717 493 1751 523 in
1766 492 1911 524 omnibus

293 549 384 582 libris
408 548 515 580 θένων
537 546 655 587 legitur
679 543 915 587 παροξυτόνως
934 541 1220 584 pronunciandum,
1247 543 1412 583 quaeritur
1434 546 1563 576 tantane
1585 545 1628 576 sit
1655 544 1832 585 praesentis
1854 554 1905 577 ne-

293 603 436 638 cessitas,
457 603 493 632 ut
514 599 588 631 huic
610 599 665 630 uni
687 598 755 630 loco
778 598 952 637 imputetur
973 594 1124 628 recedens
1145 605 1166 626 a
1187 594 1345 625 communi
1367 604 1426 626 usu
1445 594 1548 627 forma
1564 595 1654 628 θένω
1676 606 1734 637 pro
1755 607 1793 629 ea
1814 607 1910 638 quam

293 655 354 686 hoc
376 654 445 693 ipso
467 651 606 683 carmine
634 649 719 681 infra
739 650 797 681 108
820 648 996 690 legitimam
1017 646 1170 678 habemus
1194 645 1307 678 θειίω.
1338 646 1420 677 Mihi
1441 646 1569 687 quidem
1588 647 1773 680 Theocritus
1793 649 1912 680 aoristo

293 702 402 737 θενών
431 703 484 735 1118
513 702 632 742 pariter
660 711 735 732 usus
765 710 831 732 esse
859 699 984 731 videtur
1011 702 1108 739 atque
1137 698 1290 740 proximis
1313 696 1480 736 καταστάς
1508 701 1542 731 81
1563 698 1826 740 διατεινάμενος,
1849 709 1912 741 quo

295 768 359 790 non
378 756 523 788 habitum
544 753 682 785 luxantis
702 752 881 793 proprium,
901 751 955 783 sed
977 752 1111 791 primam
1133 753 1201 784 eius
1219 753 1374 784 actionem
1395 755 1530 786 notaret.

466 816 519 847 Vs.
546 818 612 848 104.
659 814 801 851 Μέσσας
824 811 913 856 ῥινὸς
936 811 1066 856 ὕπερθε
1089 812 1159 847 κατ’
1182 812 1310 857 ὀφρύος
1332 810 1435 857 ἤλασε
1459 816 1582 857 πυγμῇ.

294 869 343 902 Ad
362 869 441 901 haec
457 866 635 899 Mcinekius
654 865 851 902 „verborum‚
863 864 981 905 inquit,
998 865 1075 898 ordo
1089 866 1141 898 hic
1157 869 1205 899 est
1220 866 1304 910 ,faui
1323 866 1427 907 μέσης
1445 863 1572 908 ὀφρύος
1592 862 1676 908 ὑπὲρ
1693 865 1783 909 ῥινὸς
1799 861 1912 908 ἤλασε.

295 920 378 953 Male
392 920 485 961 vulgo
501 919 628 958 μέσσας
644 928 715 949 811111
731 915 820 960 ῥινός
837 917 1045 958 coniungunt,
1069 918 1175 949 inutili
1199 922 1232 950 et
1247 917 1313 949 fere
1329 917 1464 949 ridiculo
1479 917 1547 949 nasi
1564 916 1732 957 epitheto.“
1761 916 1915 949 Neutrum

297 972 513 1006 concesserim.
558 970 638 1002 Nam
661 980 758 1010 quum
785 971 891 1009 posset
921 968 1057 1000 luctator
1086 969 1133 1001 ita
1155 970 1300 1011 ingerere
1330 980 1472 1011 pugnum
1500 970 1671 1004 adversarii
1702 980 1794 1006 naso,
1815 970 1915 1002 latera

297 1025 364 1058 eius
385 1026 420 1056 ut
442 1023 598 1064 pulsaret,
620 1021 679 1053 hoc
702 1021 771 1052 loco
794 1020 888 1051 ahter
916 1019 950 1050 id
972 1019 1091 1051 factum
1119 1031 1187 1052 esse
1214 1020 1331 1052 dicitur
1352 1021 1373 1052 i.
1395 1032 1421 1052 e.
1444 1020 1566 1053 inediae
1589 1031 1685 1062 supra
1710 1032 1801 1053 nares
1828 1021 1912 1062 parti

295 1075 409 1108 frontis
436 1075 483 1106 ita
509 1073 639 1104 incussit
667 1082 810 1108 manum,
847 1073 882 1101 ut
907 1069 968 1102 levi
1000 1069 1083 1102 flexu
1118 1071 1316 1104 incumberet
1350 1072 1384 1103 in
1420 1072 1631 1113 supercilium.
1689 1073 1830 1114 Eamque
1860 1083 1912 1104 ex·

297 1128 502 1169 plicationem
523 1125 653 1157 adiuvat
681 1124 752 1164 ipsa
773 1123 940 1155 verborum
969 1121 1142 1154 collocatio.
1186 1122 1283 1154 Paulo
1311 1121 1405 1154 aliter
1426 1121 1610 1162 Apollonius
1632 1122 1774 1154 Rhodius
1794 1121 1827 1153 ΙΙ
1854 1124 1913 1154 107

297 1181 357 1212 τοῦ
379 1177 406 1210 ὸ’
431 1174 534 1209 ἆσσον
558 1174 666 1213 ἰόντος
678 1175 842 1218 Δεξιτερῇ
859 1175 978 1216 σκαιῆς
992 1171 1075 1216 ὑπὲρ
1099 1169 1226 1216 ὖᾳρύος
1247 1169 1352 1215 ἤλασε
1372 1173 1476 1216 χειρί,
1497 1172 1617 1216 Δρύᾳέ
1633 1174 1670 1206 δέ
1688 1172 1719 1205 οὶ
1732 1173 1915 1216 βλέφαρον,

299 1231 400 1275 γυμνὴ
425 1230 452 1262 δ’
477 1226 666 1262 ὑπελείπετ’
691 1225 826 1269 ὀπωπή.

466 1282 520 1314 VS.
546 1284 612 1314 107.
647 1277 756 1312 ’Ένθα
779 1277 865 1320 μάχη
889 1279 1023 1319 δριμεῖα
1047 1274 1149 1307 πάλιν
1172 1273 1272 1318 γένιετ>
1296 1273 1524 1319 ὄρθωθέντος.

299 1339 413 1372 Nescio
435 1347 509 1369 num
543 1346 593 1367 me
612 1344 722 1366 sensus
743 1333 847 1370 fallat:
873 1331 928 1364 sed
949 1331 1087 1371 abrupta
1109 1328 1189 1361 mihi
1210 1328 1334 1360 videtur
1356 1328 1434 1360 haec
1455 1329 1604 1362 narratio.
1645 1328 1727 1360 Nam
1744 1329 1806 1361 etsi
1835 1327 1919 1361 ἔνθα

300 1390 385 1432 quod
412 1389 453 1421 ad
475 1386 700 1428 praecedentia
729 1384 849 1422 ὕπτιος
871 1381 1075 1424 ἐξετανύσθη
1097 1381 1235 1413 relatum
1255 1381 1335 1412 mire
1365 1381 1541 1419 diceretur,
1563 1381 1807 1421 explicationem
1829 1392 1917 1414 suam

300 1443 398 1476 habet
420 1452 458 1473 ex
477 1439 620 1480 sequenti
645 1434 878 1480 ὄρθωθέντος,
901 1438 1008 1466 tamen
1029 1435 1183 1467 eiusmodi
1210 1435 1380 1475 participia
1409 1435 1443 1466 in
1464 1435 1555 1476 epica
1575 1435 1663 1476 poesi
1690 1446 1752 1467 11011
1773 1439 1840 1467 tam
1861 1446 1914 1468 ex-

303 1494 456 1538 planandi
477 1503 571 1525 causa
599 1502 658 1532 per
679 1490 916 1527 necessitatem,
941 1488 997 1520 sed
1021 1488 1194 1521 exornandi
1222 1487 1327 1529 gratia
1347 1497 1405 1527 per
1427 1486 1586 1528 quandam
1615 1487 1771 1519 luxuriam
1792 1487 1839 1518 ita
1863 1486 1917 1519 ad-

300 1546 435 1583 duntur,
455 1547 491 1575 ut
512 1543 599 1574 nullo
621 1542 796 1574 sententiae
817 1541 1008 1573 detrimento
1031 1539 1135 1572 omitti
1157 1536 1288 1577 possint.
1331 1537 1400 1574 Quo
1423 1536 1555 1568 inducor
1582 1539 1620 1568 ut
1645 1537 1798 1570 excidisse
1820 1547 1918 1568 unum

299 1597 474 1630 alterumve
496 1604 620 1626 versum
637 1593 764 1625 credam
777 1593 861 1624 hunc
880 1592 915 1623 in
930 1591 1058 1623 moduni
1074 1590 1166 1629 „dum
1187 1591 1363 1629 prostratus
1378 1589 1460 1621 iacet
1482 1589 1628 1630 Amycus,
1648 1588 1759 1620 Pollux
1779 1588 1918 1620 abstinet

304 1646 477 1680 certamine
499 1655 601 1686 neque
623 1644 725 1675 utitur
745 1642 932 1675 conficiendi
952 1641 1125 1674 adversarii
1146 1641 1397 1682 opportunitate,
1417 1640 1473 1673 sed
1495 1640 1575 1682 erigi
1598 1651 1669 1672 eum
1690 1641 1819 1681 patitur.
1861 1639 1920 1671 Ille

303 1699 360 1731 ubi
379 1700 503 1730 erectus
519 1700 581 1734 est,
604 1696 643 1728 de
660 1696 785 1737 integro
801 1698 963 1726 certamen
977 1693 1126 1725 orditur.n
1169 1691 1332 1724 Eiusmodi
1349 1691 1541 1723 sententiam
1555 1691 1745 1731 interposuit
1759 1689 1920 1733 Vergilius

302 1755 379 1786 Aen.
400 1752 429 1784 V
453 1754 515 1784 446
537 1751 672 1781 Entellus
684 1768 726 1772 ——-
741 1768 782 1771 —
796 1750 834 1780 ad
849 1751 957 1779 lert-am
965 1748 1091 1788 pondere
1105 1748 1179 1776 msto
1195 1744 1326 1775 Concidit
1340 1761 1383 1766 -—
1396 1761 1446 1773 —.
1478 1745 1509 1774 It
1529 1744 1636 1774 clamor
1653 1745 1728 1776 caelo
1742 1747 1919 1786 primusque

303 1806 433 1836 accurrit
455 1804 574 1834 Acestes
596 1803 835 1843 Aequam-umque
864 1801 898 1831 ab
930 1802 1018 1831 humo
1047 1802 1187 1830 miserans
1217 1797 1322 1828 attollit
1351 1798 1486 1827 amicum.
1533 1798 1576 1828 At
1606 1808 1659 1828 non
1691 1798 1823 1828 tardatus
1851 1809 1919 1829 casu

304 1866 391 1897 neque
409 1857 533 1885 territus
555 1855 636 1884 hems
658 1853 768 1884 Acrior
788 1852 827 1882 ad
845 1862 976 1892 [myream
998 1851 1082 1881 redit.

476 1904 526 1936 Vs.
553 1907 620 1937 116.
665 1902 752 1936 Εἰπὲ
774 1900 852 1935 θεά·
875 1902 915 1934 σὺ
937 1901 1000 1945 γὰρ
1024 1897 1146 1939 οἶσθα,
1171 1899 1233 1943 ἐγώ
1257 1899 1286 1933 ‹5'
1310 1898 1431 1943 ἑτέρων
1452 1897 1638 1943 ὑποφήτης.

306 1958 358 1991 Sic
384 1956 525 1995 codices;
554 1956 724 1988 scholiasta
745 1954 880 1987 Medicei
910 1952 1041 1995 ἑτέρων·
1072 1948 1170 1994 ἤγουν
1200 1948 1299 1992 ὑμῶν.
1344 1950 1520 1983 Meinekius
1548 1951 1683 1983 coniecit
1709 1950 1772 1993 ἐγώ
1801 1952 1838 1985 δὲ
1865 1953 1922 1984 τεῦ

305 2007 351 2042 ὢν
368 2011 414 2050 (111
429 2008 583 2042 addendis
603 2008 640 2040 δέ
656 2019 714 2040 σευ
730 2004 791 2048 ὢν)
812 2004 997 2049 ὑποφήτης.
1020 2004 1138 2043 Quodsi
1159 2003 1231 2044 quis
1251 2003 1356 2035 varias
1376 2002 1544 2035 verborum
1560 1999 1712 2046 ἠράσθην
1732 2002 1792 2044 μὲν
1815 2000 1921 2045 ἔγωγα

306 2063 402 2099 τεοῦς
417 2059 501 2104 κόρα
517 2060 564 2092 XI
573 2085 580 2098 ,
592 2063 631 2092 25
647 2060 820 2100 scripturas
831 2057 1144 2098 corruptelarumque
1155 2054 1246 2096 quasi
1261 2054 1379 2096 gradus
1391 2054 1571 2087 considerat
1584 2052 1685 2096 ἔγωγε
1696 2055 1805 2092 τεοῦς,
1819 2051 1921 2096 ἔγωγε

306 2114 406 2151 τεοῖς,
429 2109 521 2154 ἔγωγ’
540 2111 639 2143 ἐίεω.
653 2135 680 2149 .‚
705 2107 797 2153 ἔγωγ’
818 2108 951 2153 ἑτεριῦς,
976 2109 1133 2151 intelliget
1153 2108 1208 2149 qui
1229 2110 1415 2150 perventum
1436 2108 1477 2139 sit
1489 2107 1530 2139 ad
1545 2117 1728 2148 perversam
1749 2106 1842 2138 huius
1862 2106 1923 2139 loci

308 2165 476 2197 lectionem
496 2174 553 2196 nec
575 2163 737 2195 dubitabit
756 2163 797 2196 ad
817 2162 969 2194 Meinekii
991 2161 1178 2194 sententiam
1199 2160 1244 2191 sic
1265 2159 1433 2191 restituere
1461 2169 1588 2190 manum
1610 2158 1769 2190 Theocriti
1799 2156 1861 2199 ἐγώ
1888 2157 1925 2190 δὲ

306 2220 402 2256 τεοῦς
425 2215 611 2260 ὑποφήτης.
654 2217 697 2249 Et
718 2218 813 2254 τεοῧς
834 2216 961 2258 quidem
983 2216 1099 2257 legitur
1121 2215 1216 2247 etiam
1237 2211 1347 2244 XVIII
1370 2215 1421 2245 41.
