2072 2846
322 271 363 302 20

491 351 543 383 Vs-
567 352 618 383 23.
661 349 793 382 Πολλοί
814 361 856 390 με
877 348 1042 390 μνώοντο,
1066 347 1142 380 νόον
1163 346 1192 379 δ’
1219 347 1297 386 ἐμὸν
1317 344 1408 387 οὔτις
1429 347 1516 382 ἕαδε.

329 402 381 434 Sic
403 405 525 434 veteres
547 401 703 434 editiones
722 401 821 433 secuti
842 399 979 432 editores
1001 404 1074 431 ante
1095 397 1311 431 Hermannum
1333 404 1365 431 et
1386 400 1593 435 Ahrensium:
1615 411 1748 442 quorum
1771 401 1824 434 ille
1845 402 1935 445 Zieg-

324 453 383 486 leri
408 454 620 486 coniecturam
648 449 738 488 οὔτις
766 450 884 482 ἔπειθε
907 451 1041 490 recepit,
1071 450 1154 482 alter
1174 454 1276 482 totum
1305 462 1428 483 versum
1456 453 1501 484 sic
1524 453 1668 485 exhibuit
1700 453 1822 486 πολλοί
1841 451 1875 495 μ’
1899 451 1935 487 εὗ

323 503 489 546 μνώοντο,
520 504 595 537 νόον
625 501 653 535 δ’
685 502 763 543 ἐμὸν
795 499 886 540 οὔτις
916 500 1037 544 ἐκήλει.
1083 501 1124 533 Et
1152 502 1186 532 in
1212 501 1318 541 priore
1347 502 1476 543 quidem
1505 503 1708 537 hemistichio
1736 516 1797 537 non
1827 509 1935 546 putem

1681 559 1696 573 U

323 582 512 614 Ahrensium
533 584 618 613 recte
641 581 883 620 interpretatum
906 589 972 611 esse
990 579 1106 611 codicis
1122 577 1257 610 Parisini
1279 577 1468 618 scripturam
1495 580 1616 612 πολλοὶ
1633 581 1834 622 μεμνώοντο,
1854 593 1936 624 quae

322 635 355 666 in
373 633 599 666 Mediolanensi
622 632 702 664 abiit
724 632 756 663 in
778 631 859 663 hanc
882 629 1003 662 πολλοὶ
1021 632 1083 670 ,uest
1102 627 1262 670 μνώοντο.
1307 627 1388 659 Nam
1406 627 1491 660 istud
1513 631 1576 669 μεῦ
1599 632 1711 671 opinor
1730 633 1935 666 tribuendum

324 690 371 717 est
401 685 522 717 scribae
545 685 595 716 cui
625 683 713 716 verbi
735 683 889 723 μνᾶσθαι
918 682 1005 713 notio
1036 680 1258 713 reminiscendi
1287 681 1319 712 in
1345 681 1497 713 memoria
1520 681 1673 716 haereret.
1718 684 1780 718 Sed
1810 687 1935 727 gravius

323 742 463 770 erratum
485 742 531 770 est
553 738 586 769 in
607 740 749 769 extremo
772 745 879 767 versus
901 734 1051 766 vocabulo
1074 730 1170 765 ἕαδε.
1194 731 1279 773 quod
1308 743 1346 764 ex
1368 733 1550 764 coniectura
1571 744 1634 766 non
1656 736 1733 767 satis
1761 736 1845 769 felici
1868 747 1932 769 ma-

325 801 416 824 nasse
439 789 581 830 coarguit
603 787 745 820 codicum
766 787 923 827 scriptura
939 781 1027 823 oi‘ug
1051 781 1167 816 ἀείδει.
1202 783 1304 815 Huius
1325 783 1366 816 ad
1381 784 1623 816 similitudinem
1640 786 1769 826 propius
1784 786 1938 819 accedens

323 854 418 885 quam
440 843 487 874 illi
511 841 578 873 VV.
594 840 662 872 DD.
684 839 818 872 coniecit
834 837 1012 870 Meinekius
1035 833 1124 873 οἴης
1144 831 1253 874 ι’ἕεξεν.
1273 836 1465 868 Fritzschius
1480 840 1587 869 autem
1603 837 1691 870 nulla
1707 838 1800 870 litera
1812 842 1934 872 mutata

325 890 416 932 οἷὲτις
437 891 489 925 ἀεὶ
513 893 578 924 δεῖ.
602 892 635 922 in
657 902 720 933 qua
740 890 902 923 lenissima
923 889 1142 922 emendatione
1163 888 1266 919 minus
1288 888 1467 925 haererem,
1490 889 1516 920 si
1537 889 1690 929 scriptum
1712 894 1793 923 esset
1811 890 1931 923 πολλοὶ

323 944 491 988 μνώονταί
511 957 567 985 με,
592 943 667 976 νόον
690 940 717 975 δ’
741 942 821 983 ἐμὸν
845 937 935 979 οὔτις
957 939 1009 974 ἀεὶ
1034 941 1100 974 δεῖ.
1131 952 1214 973 nunc
1244 952 1280 974 eo
1303 943 1406 974 minus
1428 943 1625 984 acquiescam
1648 944 1731 985 quod
1760 945 1806 976 sic
1828 944 1934 986 puella

323 998 554 1042 quodammodo
567 996 775 1039 significaret,
790 993 985 1036 aliquamdiu
1002 997 1087 1026 certe
1103 1004 1136 1025 se
1158 1003 1325 1033 procorum
1347 993 1624 1027 sollicitationibus
1645 995 1813 1028 obnoxiam
1834 995 1939 1029 fuisse.

319 1051 471 1084 Meinekii
493 1053 599 1082 autem
621 1048 833 1080 coniecturam
853 1048 1022 1086 propterea
1045 1055 1107 1076 non
1128 1046 1275 1085 probem.
1297 1046 1382 1087 quod
1409 1046 1589 1079 oblectandi
1610 1048 1697 1080 notio
1715 1059 1811 1089 quam
1832 1049 1933 1081 inesse

320 1102 491 1145 aliquando
512 1101 607 1133 verbo
630 1096 716 1137 ἀέξω
739 1101 843 1139 putat,
864 1107 928 1129 non
947 1096 1102 1128 satisfacit
1123 1096 1164 1128 ad
1187 1098 1409 1131 declarandam
1429 1099 1552 1139 puellae
1574 1100 1775 1133 sententiam,
1798 1101 1849 1132 cui
1870 1110 1932 1132 non

320 1154 524 1188 oblectationi
546 1162 612 1184 esse
636 1161 763 1192 procuS‚
791 1149 847 1182 sed
870 1149 994 1190 placere
1023 1149 1169 1184 debebat.
1213 1150 1323 1192 Itaque
1354 1150 1441 1182 aliud
1472 1150 1570 1183 latere
1592 1151 1626 1182 in
1650 1155 1798 1192 corrupto
1826 1148 1929 1183 ἀείδει

319 1207 510 1243 existimem,
537 1205 670 1237 fortasse
693 1203 752 1235 hoc
776 1201 853 1234 νόον
877 1199 905 1233 δ’
929 1201 1009 1242 ἐμὸν
1033 1197 1123 1239 οἷῖτις
1146 1197 1267 1234 ἂάσεν.
1293 1206 1411 1233 mentem
1436 1214 1525 1234 meam
1550 1204 1650 1234 nullus
1674 1204 1802 1243 decep1·t;
1823 1213 1930 1244 quem—

319 1258 488 1292 admodum
514 1256 607 1289 Lesbi
630 1256 787 1298 originum
812 1258 908 1296 poeta
929 1254 1013 1296 apud
1034 1253 1239 1286 Parthenium
1261 1256 1298 1286 21
1329 1253 1452 1285 locutus
1475 1257 1523 1285 est
1550 1254 1679 1296 θαλερῇ·
1703 1254 1740 1286 δέ
1762 1266 1819 1294 μιν
1848 1250 1931 1286 ἔιάσε

321 1307 466 1351 Κύπρις,
491 1308 541 1340 vel
564 1310 685 1338 mentem
708 1318 798 1338 meam
821 1307 921 1337 nullus
947 1307 1077 1336 εαίἰσιηῖ.
1099 1305 1248 1343 delenivit,
1266 1308 1301 1336 ut
1317 1305 1477 1345 explicant
1491 1309 1524 1337 et
1540 1306 1767 1347 grammaticus
1784 1306 1816 1336 in
1831 1305 1930 1339 Bekk.
1958 1306 1963 1310 ’

319 1363 377 1395 An.
400 1372 430 1402 p.
454 1364 530 1398 321,
553 1364 572 1393 6
604 1358 739 1391 ιέάσαι
764 1358 918 1400 σημαίνει
944 1356 1000 1389 καὶ
1029 1356 1066 1388 τὸ
1097 1357 1233 1400 κορέσαι
1265 1357 1321 1389 καὶ
1354 1359 1576 1390 καθυπνῶσαι
1608 1361 1640 1390 et
1660 1357 1773 1390 Sujdas
1801 1354 1933 1391 ἂάσαι

318 1415 460 1457 τέσσερα
483 1411 648 1455 σημαίνει·
680 1411 834 1453 κορέσαι,
864 1410 1105 1446 καθυπνῶσαι,
1135 1408 1287 1452 βλάψαι,
1323 1409 1472 1452 λυπῆσαι
1498 1413 1530 1441 et
1556 1409 1653 1441 Orion
1675 1409 1777 1451 Etym.
1801 1419 1831 1450 p.
1854 1412 1889 1447 6,
1911 1413 1931 1441 4

319 1462 421 1498 ἆσαι
444 1465 480 1497 τὸ
504 1464 681 1507 πληρῶσαι
707 1463 761 1495 καὶ
785 1461 933 1505 κορέσαι.
979 1461 1026 1492 De
1049 1464 1150 1493 metro
1171 1473 1210 1494 ne
1241 1462 1422 1494 suboriatur
1445 1461 1618 1499 dubitatio,
1646 1472 1709 1493 non
1731 1461 1830 1493 solum
1853 1458 1930 1493 c'iao’

317 1518 364 1552 ε’νὶ
387 1516 527 1561 ,ιιαγάρῳ
549 1517 631 1549 dixit
648 1516 818 1552 Homerus,
838 1514 893 1546 sed
916 1514 1011 1547 etiam
1034 1510 1143 1546 εἴασάν
1161 1511 1194 1555 μ’
1217 1513 1348 1556 ἕταροι.
1372 1523 1429 1545 nec
1451 1513 1552 1545 solum
1576 1509 1646 1545 ἀλλ’
1668 1512 1742 1545 ἐπεὶ
1765 1509 1929 1555 ἀασάμην,

314 1570 370 1604 sed
393 1571 488 1603 etiam
510 1567 639 1601 ἀάσατο
663 1568 698 1600 δὲ
720 1568 804 1609 μέγα
828 1568 939 1609 θυμῷ.

480 1621 534 1654 VS.
557 1623 607 1654 32.
641 1618 708 1650 ’Ὴν
733 1619 768 1650 δὲ
791 1618 889 1661 τέκῃ-ς
912 1616 997 1661 φίλα
1019 1617 1131 1649 τέκνα.
1157 1616 1230 1647 νέον
1252 1614 1340 1657 φάος
1363 1611 1468 1657 ἷίψεαι
1496 1610 1577 1652 υἷας.

314 1674 422 1707 Minus
441 1673 574 1705 sortasse
602 1683 698 1714 quam
720 1670 868 1702 Ahrensii
898 1667 983 1712 ἥβας
1005 1672 1037 1701 et
1058 1666 1209 1699 Meinekii
1233 1663 1332 1698 οἷ’κων
1353 1665 1474 1698 recedit
1495 1676 1515 1697 a
1536 1665 1690 1697 librorum
1718 1665 1876 1706 scriptura
1895 1668 1928 1698 et

315 1726 416 1768 magis
436 1724 639 1766 praecedenti
659 1723 744 1755 dioto
765 1722 890 1763 puellae
918 1721 963 1763 μὴ
986 1723 1042 1752 καὶ
1063 1717 1146 1762 χρόα
1178 1717 1280 1749 καλὸν
1311 1715 1438 1749 οἰέσσω
1461 1716 1631 1757 respondet
1653 1717 1712 1749 hoc
1739 1716 1812 1748 νέον
1841 1716 1929 1759 φάος

316 1775 367 1813 o'u
368 1791 422 1811 εαι
447 1774 511 1815 εἷο
527 1778 686 1817 formosam
709 1777 757 1806 tui
777 1777 930 1815 imaginem
954 1776 1121 1805 rmimscere
1141 1771 1255 1801 ndebz's.
1291 1769 1338 1800 De
1360 1769 1556 1809 pronominis
1575 1779 1635 1800 usu
1657 1767 1800 1800 conferas
1821 1767 1927 1799 XXIV

318 1834 359 1864 36
383 1826 486 1862 ι’ίνστα
509 1829 595 1871 μηδὲ
621 1827 781 1860 πόδεσσιν
807 1826 876 1864 ἑοῖς
900 1823 965 1857 ΐπὸ
995 1823 1145 1857 σάνδαλα
1172 1821 1272 1864 θείης
1293 1824 1326 1853 et
1354 1820 1447 1853 huius
1470 1821 1618 1853 carminis
1638 1831 1762 1852 versum
1784 1823 1824 1853 43
1856 1816 1928 1851 ἀλλ’

318 1878 359 1914 ου’
380 1879 459 1913 ἑθεν
481 1879 549 1922 εἰμὶ
568 1879 704 1923 χερείωι
726 1882 758 1912 et
781 1882 820 1912 45
845 1878 954 1916 δεῖξον
976 1877 1051 1917 ἐμοὶ
1075 1876 1152 1909 ἕθεν
1179 1871 1281 1912 α’λσος
1303 1874 1336 1905 in
1357 1873 1471 1915 quibus
1496 1874 1574 1906 locis
1595 1873 1739 1905 omnibus
1761 1872 1929 1913 peculiaris

315 1931 510 1974 pronominis
532 1931 633 1963 sonna
653 1942 670 1963 e
691 1931 783 1963 libris
804 1929 954 1962 restituta
975 1931 1023 1961 est
1042 1928 1082 1960 ab
1104 1927 1271 1960 Abiensio.
