2072 2846
1705 254 1741 284 11

300 328 352 360 Vs.
380 331 445 360 119.
489 328 594 369 Σκαιῇ
615 327 675 367 μὲν
695 326 812 369 σκαιὴν
833 323 1063 365 Πολυδεύκεος
1082 325 1202 368 ἔλλαβε
1222 331 1317 372 χεῖρα

485 377 607 418 ὄοχμὸς
629 374 698 409 ἀπὸ
721 377 891 420 προβολῆς
914 376 1077 416 κλινθείς,
1101 376 1199 422 ἑτέρᾳ
1220 377 1249 411 δ’
1272 379 1454 421 ἐπιβαίνων

487 429 653 472 δεξιτερῆς
676 425 807 471 ἤνεγκεν
830 426 898 460 ἀπὸ
920 426 1061 470 λαγόνος
1083 429 1193 461 πλατὺ
1216 433 1315 472 γυῖον.

130 482 168 513 111
189 482 238 513 1115
259 481 363 513 omnia
382 483 509 520 praeter
529 491 627 512 unum
649 481 735 513 salva
753 491 820 513 esse
843 480 1002 519 videntur3
1032 491 1106 513 nam
1128 492 1191 513 non
1214 482 1378 526 δεξιτερῆς
1401 481 1470 515 ἀπὸ
1491 483 1647 525 λαγόνος,
1681 487 1737 520 sed

130 531 189 564 ἐπὶ
217 530 357 574 λαγόνος
385 543 492 564 verum
522 543 587 564 esse
616 536 692 573 puto
722 543 759 565 eo
782 533 944 565 intellectu
975 542 1037 572 quo
1066 530 1215 570 πατάξαι
1242 532 1300 565 ἐπὶ
1321 532 1443 577 κόρρης
1470 538 1503 566 et
1531 535 1615 576 apud
1636 537 1738 576 ipsum

128 584 328 616 Theocritum
344 583 419 614 XIV
442 586 482 616 34
498 582 565 621 πὺξ
576 583 634 615 ἐπὶ
650 581 773 627 κόρῥας
788 579 906 625 ἤλασα.
935 582 1050 614 Sensus
1064 586 1171 615 autem
1186 584 1299 616 horum
1319 588 1351 616 et
1366 586 1581 625 proximorum
1592 598 1738 620 versuum

128 653 170 659 —
191 646 264 667 nam
292 645 400 666 versus
432 637 490 667 122
524 634 581 666 καί
611 647 645 666 κε
673 634 775 675 τυχών
804 633 953 678 ἔβλαψεν
976 631 1185 674 Ἀμυκλαίων
1206 636 1354 677 βασιλῆα
1383 647 1477 677 quem
1506 638 1596 671 obelo
1617 640 1739 672 notavit

128 686 300 718 Ahrcnsius
310 689 376 718 tam
392 686 545 728 genuinus
561 690 609 718 est
622 697 717 728 quam
728 687 782 728 qui
798 687 933 718 maxime
949 705 991 710 —
1006 687 1058 719 hic
1078 690 1141 719 est:
1164 688 1300 729 Amycus
1315 689 1442 730 oblique
1463 690 1505 722 ad
1520 691 1674 731 impetum
1687 692 1735 724 in-

129 738 262 770 clinatus
277 738 366 769 laeva
380 748 475 769 manu
489 738 611 770 laevam
629 738 763 770 Pollucis
777 738 989 780 apprehendit
1004 749 1040 770 eo
1056 740 1200 777 consilio,
1223 743 1259 771 ut
1277 740 1352 772 dum
1366 741 1420 773 ille
1436 741 1549 774 dextra
1567 742 1736 784 ligaturam

128 790 247 821 solvere
265 793 382 827 tentet,
396 790 464 829 ipse
484 790 596 822 dextra
609 790 760 822 invadens
776 794 897 822 vastum
912 791 1087 823 membrum
1105 792 1135 831 (i.
1151 803 1177 824 e.
1194 792 1339 825 dextram
1353 803 1482 824 manum
1499 794 1548 826 vel
1562 794 1735 834 brachium,

127 841 195 873 coll.
215 852 306 873 versu
329 843 381 881 80)
405 842 438 872 111
459 841 577 873 nudata
600 842 713 874 dextra
726 842 860 874 Pollucis
881 843 937 875 ilia
956 844 1118 885 impingat.
1163 844 1252 882 Quod
1275 845 1440 877 consilium
1461 846 1488 877 51
1509 849 1657 878 eventum
1678 848 1734 879 ha-

127 893 264 931 buisset,
287 894 422 935 Amycus
445 894 601 926 Pollucem
626 894 707 926 male
730 895 906 927 mulcasset.
951 896 993 927 At
1009 895 1063 928 ille
1086 899 1253 936 perspecta
1280 907 1315 928 re
1345 897 1560 937 subterlapsus
1589 898 1735 930 dextram

126 946 235 987 Amyci
258 949 423 987 postquam
455 946 596 983 emersit,
624 946 736 977 dextra
763 956 859 977 manu
889 947 1045 978 concussit
1065 947 1237 979 adversarii
1267 951 1362 987 caput
1392 949 1449 980 sub
1478 949 1569 981 laeva
1589 953 1733 990 tempora

126 999 340 1040 incumbitque
363 999 395 1030 in
416 999 482 1032 eius
504 999 686 1038 humemm3
708 999 797 1031 laeva
811 1002 932 1036 autem,
953 999 1083 1031 remissa
1098 1010 1212 1040 nempe
1234 999 1274 1031 ab
1300 1000 1431 1041 Amyco,
1456 999 1541 1031 feriit
1561 1011 1595 1032 os
1619 1001 1727 1042 fregit-

124 1062 184 1092 que
206 1051 322 1084 dentes.

292 1103 344 1134 Vs.
372 1105 438 1134 149.
481 1099 591 1142 Ὑμεῖς
614 1099 643 1133 δ’
668 1099 707 1133 οὐ
729 1100 813 1134 κατὰ
835 1100 959 1142 κόσμον
979 1098 1030 1133 ἐπ’
1054 1098 1245 1143 ἀλλοτρίοις
1268 1101 1433 1140 λεχέεσσιν

487 1152 583 1183 βουσὶ
605 1152 661 1183 καὶ
683 1149 850 1193 ἡμιόνοισι
875 1153 930 1184 καὶ
954 1151 1144 1196 ἀλλοτρίοις
1167 1152 1356 1186 κτεάτεσσιν

476 1199 581 1244 ἄνδρα
603 1203 870 1245 παρετρέψασθε
893 1204 961 1235 κτλ.

122 1258 212 1290 Hanc
234 1258 408 1289 orationem
429 1256 505 1288 ferri
528 1266 592 1287 non
612 1266 702 1296 posse
723 1256 769 1287 ita
790 1259 890 1296 patet,
913 1260 948 1288 ut
970 1257 1034 1288 iam
1059 1260 1145 1288 vetus
1167 1257 1282 1298 aliquis
1306 1257 1455 1290 librarius
1469 1269 1566 1299 quum
1586 1260 1725 1301 ineptam

122 1309 264 1342 vocabuli
288 1306 479 1351 ἀλλοτρίοις
501 1307 723 1347 repetitionem
752 1319 911 1341 removere
934 1309 1074 1341 studeret
1107 1320 1227 1341 memor
1249 1309 1333 1341 haud
1356 1309 1451 1341 dubie
1475 1311 1625 1342 similium
1644 1312 1728 1352 apud

121 1362 293 1394 Homerum
323 1360 534 1392 clausularum
564 1360 599 1391 Il.
630 1359 657 1390 V
689 1362 751 1392 426
786 1358 841 1399 ἅμ’
873 1357 1006 1392 ἄλλοισι
1041 1359 1229 1399 κτεάτεσσι,
1262 1361 1373 1392 XXIII
1408 1363 1468 1393 829
1502 1361 1560 1393 σὺν
1594 1359 1728 1395 ἄλλοισι

121 1412 289 1445 κτεάτεσσι
303 1412 337 1444 id
351 1413 454 1452 ipsum
464 1411 597 1443 inferret
613 1411 647 1442 in
658 1413 780 1442 textum
794 1411 869 1443 libri
885 1413 932 1443 sui
945 1415 1041 1451 βουσὶ
1057 1413 1111 1444 καὶ
1128 1410 1297 1454 ἡμιόνοισι
1314 1413 1366 1444 καὶ
1382 1409 1532 1444 ἄλλοισιν
1545 1413 1726 1446 κτεάτεσσι.

121 1465 182 1497 Sed
210 1474 273 1496 non
295 1463 446 1496 credibile
477 1466 536 1500 est,
567 1462 741 1502 simplicem
771 1462 853 1493 hano
883 1464 1057 1496 orationem
1084 1465 1242 1505 corrumpi
1272 1465 1419 1504 potuisse.
1463 1465 1534 1496 Alio
1565 1465 1653 1497 ducit
1673 1477 1726 1497 ex-

118 1516 248 1557 plicatio
270 1516 457 1547 scholiastae
474 1515 507 1546 M
524 1512 685 1556 κτήμασιν
706 1509 727 1545 ἃ
745 1513 944 1556 ἐληΐσασθε,
966 1517 1002 1545 ut
1023 1525 1123 1554 paene
1146 1515 1272 1547 credam
1286 1515 1366 1546 illud
1384 1514 1519 1547 alterum
1536 1512 1728 1558 ἀλλοτρίοις

119 1568 275 1610 genuinae
298 1568 381 1599 vocis
403 1578 470 1599 esse
493 1567 654 1609 glossema.
698 1567 779 1599 Nam
799 1568 843 1599 sic
865 1568 1026 1608 scripsisse
1042 1567 1243 1598 Theocritum
1263 1567 1376 1606 opinor
1390 1565 1488 1605 βουσὶ
1503 1566 1557 1598 καὶ
1575 1563 1726 1608 ἡμιόνοις

119 1619 174 1651 καὶ
195 1619 339 1661 ληϊδιόις
357 1617 545 1651 κτεάτεσσιν
569 1623 601 1650 et
613 1619 805 1651 intellexisse
825 1618 978 1660 κειμήλια
997 1618 1083 1650 καλὰ
1103 1618 1217 1660 ληΐδος
1239 1630 1319 1661 quae
1333 1618 1477 1650 Dioscuri
1497 1629 1583 1651 more
1605 1619 1727 1659 priscae

117 1670 201 1702 illius
222 1671 335 1703 aetatis
357 1670 574 1703 latrocinando
597 1671 658 1702 sibi
681 1673 948 1711 comparaverant.

712 1786 915 1836 Carmen
945 1788 1131 1837 XXIV.

281 1891 335 1923 Vs.
361 1893 407 1923 15.
446 1886 563 1931 ἴΩρσεν
586 1889 641 1921 ἐπὶ
666 1889 791 1922 πλατὺν
816 1888 929 1927 οὐδόν,
955 1889 1015 1922 ὅθι
1039 1891 1176 1932 σταθμὰ
1201 1891 1296 1922 κοῖλα
1320 1891 1456 1933 θυράων

450 1953 552 1972 alnov.

114 1997 200 2034 Quae
230 1995 290 2027 hoc
313 1994 382 2025 loco
411 2004 461 2025 res
485 1993 676 2029 declaretur,
698 1991 869 2023 secundum
897 2002 935 2023 ea
962 2002 1042 2032 quae
1065 1991 1188 2023 monuit
1207 1991 1233 2023 F
1235 1991 1400 2023 ritzschius
1430 2002 1493 2023 non
1520 1995 1623 2033 potest
1655 2003 1722 2025 esse

115 2048 181 2080 ulla
200 2046 373 2083 dubitatio;
392 2045 448 2077 sed
470 2044 613 2076 desidero
635 2043 739 2074 minus
761 2042 807 2075 rei
826 2053 921 2083 quam
935 2043 1102 2075 verborum
1123 2042 1375 2083 explicationem.
1419 2043 1507 2075 Nihil
1522 2044 1607 2076 em'm
1624 2047 1725 2086 agunt

115 2101 170 2142 qui
196 2101 236 2132 ab
263 2101 323 2132 hoc
346 2099 414 2131 loco
443 2099 483 2131 ad
505 2098 668 2139 Sophoclis
695 2097 798 2129 locum
827 2099 999 2138 provocant
1028 2098 1059 2127 et
1089 2095 1128 2127 ab
1157 2095 1213 2127 illo
1243 2106 1350 2127 rursus
1373 2095 1414 2127 ad
1436 2096 1528 2128 hune.
1572 2097 1615 2128 Et
1636 2097 1722 2137 apud

115 2152 300 2192 Sophoclem
327 2151 455 2193 quidem
484 2162 564 2192 quae
593 2151 689 2184 verba
713 2150 862 2193 leguntur
884 2150 959 2182 Oed.
980 2148 1015 2179 R.
1044 2149 1119 2179 1261
1152 2145 1187 2177 ἐκ
1210 2145 1246 2177 δὲ
1277 2145 1458 2186 πυθμένων
1470 2143 1600 2178 ’Ἐκλινε
1623 2148 1720 2179 κοῖλα

115 2202 262 2245 κλῇθρα.
285 2203 318 2234 111
339 2203 389 2234 1115
403 2203 550 2235 ultimum
565 2202 749 2235 vocabulum
768 2201 920 2244 quidquid
935 2199 1103 2242 significat,
1124 2201 1229 2239 postes
1245 2198 1300 2239 qui
1316 2198 1445 2238 proprio
1466 2208 1560 2230 sensu
1573 2197 1722 2230 dicuntur

1516 2253 1554 2285 2*
