2072 2846
304 239 340 271 ¹8

860 332 862 335 '
899 328 1102 377 Carmen
1133 329 1319 378 XXVI.

464 423 516 455 Vs.
540 425 589 457 27.
639 422 706 456 (Nx
727 422 835 466 ἆλὲγω
857 422 934 466 μηδ’
957 419 1058 460 ἶὶλλος
1081 422 1311 464 ἅπεχθόμεναι
1335 427 1487 470 Διονύσῳ

633 475 807 519 φροντίζοι
825 473 902 517 μηδ’
925 475 953 507 εἰ
973 474 1192 519 χαλεπώτερα
1214 475 1307 509 τῶνδ’
1329 476 1480 520 ἐμόγησε,

635 526 685 569 εἴη
710 525 738 559 δ’
762 527 915 569 ἕνναέτης
939 524 959 569 ἢ
980 527 1034 558 καὶ.
1060 524 1187 569 δεκάτῳ
1212 526 1393 568 ἑπιβαίνοι.

299 580 352 611 Sic
375 580 451 612 haec
472 579 623 611 exhibent
644 578 767 611 codices
789 578 1032 612 Mediolanensis
1055 589 1071 610 c
1093 582 1126 610 et
1148 578 1308 610 Parisinus
1323 579 1370 618 D;
1390 584 1511 612 veteres
1535 579 1689 612 editiones
1720 577 1777 611 01⁸2
1801 576 1908 620 ciiz'yw

297 629 375 672 μμδ)
397 628 497 661 ἄλλοι·
516 627 634 669 (ἄλλος
650 630 738 670 Call.)
762 628 989 670 ἀπεχθέμεναι
1007 631 1160 673 Διονύσῳ
1185 631 1359 674 Φροντίζοι
1379 650 1420 656 -
1435 651 1475 657 —
1498 630 1592 664 τῶνδ’
1615 631 1784 674 ἐμόγησεν.
1821 630 1910 662 Nihil

304 684 402 725 igitur
424 682 555 714 subsidii
578 694 597 715 a
619 683 709 715 libris
731 693 828 724 quum
848 686 1038 723 praestetur,
1062 693 1171 715 sensus
1193 683 1321 724 aliquod
1342 683 1495 715 auxilium
1514 684 1683 724 petendum
1706 685 1767 715 erit
1793 694 1813 715 a
1835 694 1906 715 con-

301 736 430 767 iectura.
474 734 620 766 Fortasse
650 735 695 766 sic
724 735 895 774 scripserat
921 738 1013 773 poeta
1047 731 1105 765 οὐκ
1134 730 1241 776 ἀλέγω
1268 732 1345 777 μηδ’
1373 731 1474 766 ἄλλον
1504 732 1734 775 ἀπεχθόμενον
1756 732 1908 776 Διονύσῳ

303 786 524 830 Φροιντιᾜοιιῖ,
555 785 583 818 εἰ
607 787 661 818 καὶ
682 786 900 829 χαλεπώτερα
925 787 1025 818 τῶνδε
1054 784 1217 828 μογήσαι,
1243 784 1301 826 Ιίἴι,
1329 784 1358 818 δ’
1382 785 1535 828 ἑνναέτης
1563 783 1584 828 ἢ
1607 787 1663 818 καὶ
1685 785 1810 829 δεκάτῳ
1833 785 1910 817 ἐπι-

296 841 406 881 (inin-m
426 840 658 872 constructione
674 838 785 871 eadem
807 849 887 879 quae
911 842 959 870 est
979 838 1064 878 apud
1077 838 1323 878 Aristophanem
1338 837 1418 879 qu.
1435 840 1496 869 790
1516 834 1554 869 οὗ
1575 836 1744 880 φροντίζει
1760 837 1909 880 σκληρῶς

296 905 334 925 σε
357 892 548 934 καθήμενον
579 890 698 929 οὕτως,
728 891 886 922 sententia
916 894 1021 923 autem
1050 890 1109 922 hac
1139 889 1243 925 „nihil
1271 889 1348 921 haec
1373 889 1574 930 quantumvis
1601 888 1673 921 dira
1700 889 1746 921 ita.
1771 899 1846 921 curo
1871 891 1907 920 ut

297 943 512 976 misericordia
541 943 678 984 quadam
701 946 873 974 commotus
903 942 1079 983 improbem
1101 942 1240 974 dixiuam
1262 941 1379 973 Bacchi
1405 941 1595 979 vindictam3
1621 951 1682 973 neu
1704 951 1823 978 curem,
1852 940 1907 981 qni

293 995 444 1028 invidiam
472 995 566 1026 huius
593 994 644 1027 dei
674 995 846 1030 contraxit,
876 995 902 1025 si
932 995 959 1025 is
986 994 1035 1025 vel
1057 994 1186 1026 duriora
1212 994 1275 1025 iuis
1302 994 1457 1033 patiatur,
1486 997 1519 1026 et
1540 1004 1603 1025 non
1632 994 1674 1025 sit
1696 994 1798 1024 minor
1827 995 1904 1024 natu

295 1058 390 1090 quam
411 1057 523 1079 novem
545 1049 600 1078 aut
622 1045 730 1077 decem
752 1051 934 1077 annorum.⁸⁴
977 1046 1057 1078 Nam
1088 1056 1126 1077 ea
1146 1048 1251 1077 aetate
1273 1046 1460 1077 constitutus
1488 1047 1514 1077 si
1545 1046 1615 1087 quis
1637 1047 1699 1078 iam
1729 1045 1908 1086 despexerit

295 1099 347 1132 dei
369 1100 581 1131 maiestatem.
611 1098 638 1129 is
667 1097 780 1138 dignus
803 1100 849 1128 est
870 1097 925 1137 qui
947 1107 1081 1137 poenam
1102 1096 1157 1128 det
1179 1096 1422 1128 acerbissimam.

872 1194 1075 1244 Carmen
1106 1194 1322 1243 XXVII.

459 1291 512 1323 Vs.
539 1295 562 1323 1.
612 1289 704 1333 [ι’όρ.
755 1290 822 1322 Τὰν
847 1290 985 1322 πινυτάν
1005 1287 1138 1323 Ἑλέναν
1160 1290 1272 1334 Πάρις
1294 1289 1426 1333 ἥρπασε
1449 1290 1614 1331 βουκόλος
1635 1288 1747 1329 ἄλλος.

609 1342 680 1374 ,1ιὲ.
747 1343 877 1383 μᾶλλον
903 1339 1003 1375 ἕκοῖσ)
1025 1339 1138 1375 Ἑλένα
1162 1343 1217 1375 τὸν
1239 1342 1402 1384 βουκόλον
1426 1342 1497 1385 ἔσχε
1521 1346 1675 1388 ([ιλεῦσα.

294 1396 344 1428 Ita
358 1395 536 1428 Meinekius
551 1395 630 1427 haec
645 1395 810 1427 constituit
823 1406 862 1427 ex
877 1395 1066 1427 coniecturis
1079 1394 1181 1426 altera
1191 1394 1352 1432 Ahrensii,
1369 1397 1422 1436 qui
1436 1396 1570 1428 duorum
1583 1397 1726 1428 codicum
1741 1397 1910 1431 lectionem

293 1446 381 1485 «ἱὸιιῐς
405 1451 437 1479 et
460 1446 550 1485 ἕδοῖς
570 1444 684 1479 Ἑλένα
706 1446 842 1478 mutan't
870 1447 904 1477 in
928 1443 1028 1477 {nolo'
1049 1443 1182 1483 Ἑλένα,
1207 1446 1307 1478 altera
1330 1446 1504 1479 Hermanni
1528 1448 1581 1479 cui
1601 1447 1735 1480 debetur
1757 1447 1829 1489 ἔσχε
1851 1460 1910 1491 pro

291 1500 418 1542 iulgato
445 1499 524 1531 ἐστι’.
585 1498 720 1530 Videtur
750 1498 894 1538 Daphnis
924 1498 1065 1530 Helenae
1094 1497 1297 1537 prudentiam
1326 1498 1487 1539 laudasse;
1517 1500 1567 1531 cui
1597 1500 1695 1532 refert
1724 1501 1843 1542 puella:
1872 1503 1906 1534 in

287 1554 379 1584 tanta
401 1551 571 1592 prudentia
600 1554 727 1591 raptam
759 1553 867 1582 tamen
894 1549 983 1581 illam
1015 1560 1090 1581 esse.
1134 1549 1183 1581 Ad
1212 1550 1296 1591 quod
1324 1552 1400 1592 quid
1427 1556 1553 1592 poterat
1579 1554 1685 1594 aptius
1714 1555 1904 1595 respondere

288 1604 434 1645 Daphnis
454 1614 549 1645 quam
572 1603 632 1635 hoc
655 1603 740 1641 „imo
760 1603 867 1644 rapuit
888 1603 1014 1635 Helena
1034 1605 1195 1643 pastorem
1216 1603 1381 1645 tenuitque
1403 1605 1438 1636 in
1460 1606 1576 1637 amoris
1598 1606 1756 1638 vinculisf‘
1790 1607 1902 1649 Itaque

287 1656 373 1698 quod
394 1659 442 1688 est
463 1656 497 1687 in
518 1655 624 1693 libris,
646 1657 691 1688 sic
712 1655 883 1698 legendum
903 1666 970 1687 esse
991 1655 1125 1687 coniicio
1147 1655 1274 1695 μᾶλλον
1302 1652 1403 1687 ἑλοῖσ’
1428 1653 1542 1688 Ἑλένα
1571 1657 1627 1689 τὸν
1647 1658 1810 1697 βουκόλον
1833 1657 1907 1699 ἔσχε

291 1709 388 1751 φιλεῖ
391 1720 443 1740 σα.
488 1707 606 1740 Notum
628 1711 691 1744 est,
710 1707 822 1740 literae
848 1710 879 1738 -Ι
901 1707 1109 1739 mutationem
1129 1707 1163 1738 in
1184 1711 1220 1737 „l
1240 1707 1431 1740 lexissimam
1454 1719 1536 1746 esse,
1558 1720 1622 1751 qua
1643 1710 1789 1743 adhibita
1811 1711 1905 1744 huius

286 1758 435 1791 carminis
447 1759 551 1790 versui
579 1762 612 1790 11
639 1755 660 1789 ἁ
682 1758 845 1800 σταᾳυλὶς
864 1757 987 1800 σταφίς
1007 1757 1077 1789 ἐστι
1097 1758 1153 1790 καὶ
1176 1756 1214 1791 οὗ
1239 1759 1339 1802 ῥόδον
1362 1755 1444 1792 αὖον
1467 1757 1593 1792 ὀλεῖται
1615 1762 1733 1801 optime
1748 1762 1905 1794 consuluit

287 1811 464 1843 Meinekius
493 1821 591 1852 quum
612 1810 775 1851 perspexit
804 1808 934 1842 ὀλεῖται
965 1810 1047 1841 nihil
1077 1822 1143 1843 esse
1175 1812 1235 1843 nisi
1264 1812 1381 1843 malam
1405 1812 1558 1845 evanidae
1584 1813 1668 1845 vocis
1688 1816 1765 1844 0-1.
1780 1839 1786 1845 .
1801 1840 1808 1845 .
1832 1825 1899 1851 cor-

285 1864 467 1896 rectionem.
511 1861 644 1902 Scripsit
665 1861 764 1903 igitur
787 1858 825 1892 01¹¹
847 1861 1010 1902 παφα-λὶς
1026 1860 1150 1903 σταφὶς
1171 1862 1240 1895 ἐστι
1263 1863 1317 1895 καὶ
1342 1860 1380 1895 οὗ
1401 1862 1500 1908 ῥόδον
1524 1860 1605 1895 αὖον
1622 1859 1801 1906 ἷίὸιυδειι;*)
1824 1865 1904 1898 Sunt

438 1941 465 1973 ²3)
488 1942 562 1973 Quod
586 1943 645 1967 data
663 1942 712 1967 hac
734 1943 875 1967 occasione
887 1942 987 1966 monuit
999 1941 1160 1973 Meinekius,
1184 1942 1342 1974 saepissime
1363 1952 1395 1968 ου
1417 1943 1515 1969 abiisse
1536 1945 1562 1969 in
1581 1954 1613 1970 cz.
1631 1945 1658 1969 id
1677 1944 1763 1970 valere
1781 1947 1905 1978 suspicor

287 1989 321 2014 ad
341 1988 527 2013 restituendam
552 1991 644 2019 poetae
669 1994 775 2012 manum
799 1987 824 2011 in
849 1987 880 2011 iis
900 1993 967 2018 quae
988 1985 1110 2017 leguntur
1133 1994 1211 2011 versu
1233 1987 1265 2011 28
1286 1987 1396 2019 μᾶλλον
1420 1986 1463 2013 ἀεὶ
1488 1990 1640 2021 κρατέουσι·
1669 1991 1730 2013 τίνα
1755 1991 1901 2023 τρομέουσι

286 2035 430 2067 γυναῖκες-,-
450 2032 501 2056 Ter
521 2033 657 2065 repetitum
675 2032 784 2057 verbum
805 2034 912 2066 τρομέω
932 2032 957 2056 in
982 2031 1099 2056 oratione
1118 2029 1220 2062 puellae
1240 2029 1292 2060 (27.
1313 2029 1354 2054 29.
1376 2030 1419 2059 31)
1439 2031 1537 2062 optime
1553 2029 1649 2061 haben
1677 2034 1767 2062 quarto
1785 2032 1900 2063 positum

286 2075 313 2098 in
337 2080 459 2098 sermone
478 2072 624 2104 Daphnidis
645 2080 736 2105 parum
761 2073 901 2097 convenire
926 2073 1029 2097 videtur
1051 2073 1155 2104 poetico
1180 2072 1261 2097 modo
1287 2080 1316 2097 ac
1337 2072 1426 2098 colori.
1464 2072 1519 2097 Sed
1538 2076 1597 2098 τίνα
1617 2073 1681 2098 illud
1703 2074 1725 2098 si
1745 2083 1820 2099 τινου
1838 2075 1902 2100 olim

287 2117 371 2142 fuisse
393 2119 505 2147 statuas,
532 2120 556 2141 et
581 2116 786 2149 interpolationis
813 2123 908 2141 caussa
932 2120 1019 2149 aperta
1038 2120 1076 2141 est
1102 2120 1127 2141 ct
1152 2117 1227 2142 facile
1253 2118 1373 2142 restituas
1399 2117 1470 2148 quod
1490 2120 1530 2142 est
1549 2117 1712 2149 aptissimum
1728 2119 1837 2151 μᾶλλον
1856 2117 1897 2144 ἀεὶ

287 2161 440 2194 κρατέουσι·
461 2158 508 2184 τίν’
531 2159 561 2185 ω’
585 2162 728 2194 κρατέουσι
750 2162 892 2193 γιϊαῖκες,·
911 2160 1002 2185 Potius
1027 2161 1184 2186 dominantur
1202 2163 1313 2188 mulieres
1333 2163 1356 2186 in
1377 2163 1479 2187 maritos
1505 2172 1576 2194 quam
1595 2168 1701 2194 parerem
1723 2172 1776 2187 nam
1801 2173 1900 2194 qnorum

285 2213 332 2228 ηοη
348 2209 404 2227 sunt
422 2204 516 2228 οηιηὶιιο
535 2204 647 2227 dominae
658 2207 668 2227 ,Ρ
