2072 2846
1680 267 1716 294 lo

110 338 195 380 quod
217 339 369 379 scriptum
390 340 438 369 est
460 334 659 377 ἑτοιμάσατε
681 338 740 369 etsi
762 340 835 378 post
855 338 1101 379 appellationem
1123 338 1218 381 γύναι
1239 340 1343 372 miuus
1365 340 1478 374 durum
1499 342 1599 376 videri
1619 345 1718 384 possit

111 394 241 431 propter
262 388 448 429 interposita
470 389 536 430 πῦρ
555 387 616 428 μὲν
643 400 695 420 τοι
720 385 785 420 ὑπὸ
807 392 924 434 σποδῷ
951 387 1086 424 εὔτυκον
1113 389 1213 429 ἴστω,
1243 395 1349 425 tamen
1370 404 1468 435 quum
1496 397 1638 435 proxime
1667 407 1714 429 se-

106 445 221 483 quatur
238 444 325 478 καῖε,
346 441 399 472 1110
420 450 544 480 quoque
567 439 755 472 crediderim
775 451 795 472 a
815 441 980 475 Theocrito
1002 444 1154 484 scriptum
1175 443 1270 476 fuisse
1295 443 1361 482 ξύλ’
1387 443 1574 486 ἑτοίμασαι.

279 501 330 534 Vs.
354 505 403 534 94.
445 499 591 540 ‘thdtw
617 497 652 532 εὖ
673 501 765 542 μάλα
789 504 900 534 πᾶσαν
922 499 1006 545 ὑπὲρ
1029 506 1197 544 ποταμοῖο
1217 505 1362 547 φέροισα

451 550 601 594 ῥωγάδος
623 551 659 583 ἐκ
680 552 806 595 πέτρας
828 550 1042 596 ὑπερθύριον,
1072 551 1124 587 2211·
1146 555 1181 587 δὲ
1202 556 1330 588 νεέσθω

446 599 635 645 ἷέστρεπτος
658 603 725 634 κτλ.

107 656 195 689 Libri
216 666 279 687 non
300 655 428 686 νεέσθω
451 654 618 694 praebent,
642 654 696 686 sed
718 665 781 686 uno
797 664 949 687 consensu
972 655 1126 695 νέεσθαι,
1150 668 1230 698 quae
1252 658 1346 690 lectio
1360 659 1479 691 nullam
1501 660 1534 691 in
1548 661 1715 701 repentina

111 708 273 740 modorum
300 706 543 738 commutatione
572 706 775 738 offensionem
805 706 918 745 habet3
949 717 1023 738 nam
1049 717 1113 738 non
1139 708 1239 740 solum
1268 708 1423 741 Homerus
1449 710 1508 741 hoc
1537 711 1571 742 in
1596 722 1710 753 genere

109 760 243 800 praeivit
268 758 303 790 Il.
326 757 355 789 V
379 761 449 790 606.
470 757 531 789 VH
554 761 608 795 77,
631 758 685 790 sed
707 758 774 798 ipse
798 758 981 790 Theocritus
1003 758 1108 797 paullo
1129 763 1200 798 post
1221 759 1306 791 idem
1326 771 1420 792 ausus
1443 764 1492 793 est
1512 765 1654 806 καθαρῷ
1677 764 1712 796 δὲ

107 809 283 853 πυριόσατε
310 810 404 849 ὁιῦλιια
434 808 537 851 θεειίιι)
562 810 713 851 Πρᾶτον,
741 807 858 840 ἔπειτα
889 807 918 840 ‹5‘
948 807 1063 840 ἅλεσσι
1093 810 1292 851 μεμιγμένον
1316 829 1359 834 —
1380 830 1422 834 —
1444 811 1650 855 ἐπιῤῥαίιιειν
1672 833 1713 838 -.

110 858 254 902 ἀβλαβές
277 860 374 904 ὕδωρ.
419 859 480 892 Sed
502 862 609 890 notum
631 862 679 891 est
692 859 866 891 Hermanni
888 859 928 891 ad
942 860 1092 902 Vigerum
1110 866 1314 902 praeceptmn
1336 866 1393 895 157
1409 865 1505 904 (206),
1523 864 1713 898 infinitivum

108 925 179 946 cum
208 912 402 945 nominativo
432 911 507 951 poni
533 921 590 950 pro
616 910 804 950 imperativo
832 910 986 943 secundae
1013 922 1166 952 personae
1193 913 1270 953 quja
1299 915 1368 945 velis
1402 915 1610 957 intelligatur,
1643 928 1713 949 cum

108 965 284 998 accusativo
304 974 362 1005 pro
385 963 570 1003 imperativo
593 962 705 994 tertiae
730 971 895 1001 peisonae,
916 963 990 1003 quia
1017 962 1077 1006 χρή
1098 964 1301 1006 intelligatur.
1331 965 1420 1002 Quod
1436 966 1525 999 iuxta
1539 967 1579 999 ab
1603 967 1713 1000 eodem

109 1016 290 1049 Hermanno
316 1015 385 1047 hic·
401 1014 529 1045 νεέσθω
558 1017 714 1045 mutatum
744 1016 792 1045 est
821 1018 1044 1055 receptumque
1074 1026 1093 1047 a
1122 1016 1293 1053 Meinekio,
1323 1017 1495 1055 Ahrensio,
1526 1018 1708 1051 Fritzschio.

111 1067 314 1106 Quantumvis
336 1076 444 1098 verum
466 1066 508 1097 sit
529 1066 589 1097 hoc
612 1068 829 1106 praeceptum,
853 1069 959 1098 tamen
980 1067 1097 1098 factum
1118 1070 1165 1098 est
1186 1071 1222 1098 ut
1243 1068 1266 1099 ii
1287 1071 1399 1108 poetae
1422 1070 1476 1110 qui
1499 1069 1628 1102 Homeri
1649 1071 1708 1102 lin-

107 1130 201 1161 guam
232 1118 335 1150 studio
364 1128 427 1149 non
456 1127 513 1148 usu
543 1121 683 1153 nossent,
715 1117 838 1157 decepti
869 1117 1039 1158 aliquando
1070 1118 1157 1150 falsis
1185 1120 1462 1160 grammaticorum
1491 1120 1643 1153 doctrinis
1677 1123 1710 1154 in

111 1170 264 1203 imitando
293 1172 449 1207 errarent,
478 1179 556 1209 quos
587 1179 708 1201 errores
736 1169 846 1201 tollere
877 1169 961 1200 idem
991 1173 1071 1201 esset
1100 1173 1196 1210 atque
1224 1171 1308 1210 ipsos
1337 1171 1504 1204 emendare
1533 1174 1710 1214 scriptores.

110 1222 192 1260 Quid
215 1224 300 1254 vetat
322 1220 462 1258 credere,
482 1221 543 1252 hoc
563 1220 632 1252 loco
653 1220 853 1252 Theocn'tum
875 1221 1063 1262 elegantiam
1085 1221 1225 1262 aliquam
1246 1222 1327 1262 epici
1350 1224 1501 1255 sermonis
1521 1229 1711 1266 aucupatum

105 1273 258 1306 imitando
279 1272 466 1313 expressisse
489 1282 559 1303 eum
581 1271 706 1303 dicendi
726 1272 853 1304 modum
875 1284 968 1313 quem
989 1274 1143 1305 invenisse
1167 1274 1228 1306 sibi
1251 1274 1412 1306 videretur
1434 1275 1468 1307 ΙΙ.
1492 1275 1538 1307 VI
1560 1278 1710 1315 86—92,

105 1336 163 1366 per
183 1324 416 1356 anacoluthiam
435 1322 593 1364 quandam
616 1323 657 1354 ad
679 1323 781 1364 legem
803 1334 891 1354 suam
913 1327 1092 1355 revocatum
1114 1324 1154 1355 ab
1178 1324 1368 1356 Hermanno.
1412 1325 1477 1357 Nec
1500 1326 1583 1358 solus
1605 1327 1703 1360 Theo-

107 1377 205 1408 critus
225 1376 307 1407 hanc
337 1375 439 1416 legem
460 1375 611 1416 migrasse
639 1374 779 1413 videtur3
805 1374 914 1407 eodem
942 1374 1034 1406 modo
1056 1374 1190 1412 Quintus
1212 1374 1332 1417 Smyrn.
1356 1376 1418 1408 XII
1440 1380 1480 1409 29
1505 1374 1655 1421 ἇριστέες
1676 1379 1710 1418 ἐς

107 1427 203 1467 λόχον
226 1423 342 1469 ἄνδρες
358 1423 529 1468 Βησὸμεῧ)
552 1423 746 1466 ἄσπασίως;
769 1426 845 1458 λαοὶ
869 1423 897 1458 δ’
921 1423 989 1457 ἀπὸ
1014 1424 1114 1468 νόσᾳι
1134 1427 1272 1459 νέεσθαι
1284 1425 1334 1465 Ἐς
1354 1429 1492 1461 Τένεδον
1512 1430 1569 1462 σὺν
1586 1431 1705 1472 νηυσίν,

106 1479 282 1522 ἐνιπρῆσαι
305 1476 333 1510 <3³
356 1474 422 1520 ἄρα
446 1475 568 1516 πάντες
587 1473 648 1515 Ἃς
671 1478 810 1516 κλισίας.

709 1630 912 1680 Carmen
941 1631 1099 1680 XXV.

271 1734 324 1767 Vs.
347 1737 395 1767 62.
655 1735 720 1776 νόῳ
744 1732 772 1765 ῥ’
797 1732 853 1776 ὅγε
878 1731 974 1765 πόλλ’
997 1733 1160 1775 ἐμενοίνα,

441 1787 546 1829 δέρμα
568 1798 604 1818 τε
627 1786 735 1829 θηρὸς
758 1784 835 1818 ἷδιᾶν
855 1787 1068 1829 χειροπληθῆ
1090 1799 1122 1819 τε
1146 1786 1293 1831 κορύνην,

437 1836 595 1871 ὁππόθεν
618 1837 635 1870 ὃ
661 1839 775 1878 ξεῖνος·
796 1839 939 1880 μέμονεν
962 1838 999 1869 δέ
1021 1851 1076 1876 μιν
1097 1836 1167 1871 algu
1188 1839 1338 1883 ἐρέσθαι,

442 1888 494 1924 ἂψ
516 1889 544 1923 δ’
566 1887 650 1933 ’όκνῳ
676 1890 754 1922 ποτὶ
774 1891 883 1930 χεῖλος
906 1889 1073 1931 ἐλάμβανε
1095 1894 1204 1932 μῦθον
1227 1890 1329 1924 ἰόντα.

106 1939 157 1971 Sic
184 1940 262 1972 haec
286 1941 449 1973 constituit
469 1942 645 1975 Meinekius
672 1943 706 1974 in
735 1943 894 1984 plerisque
917 1946 1041 1975 secutus
1071 1944 1242 1976 editionem
1264 1945 1440 1984 Iuntinam,
1473 1946 1562 1978 cuius
1588 1947 1622 1979 in
1648 1947 1708 1980 hoc

105 1993 242 2025 camnine
265 2003 387 2025 summa
416 1997 463 2026 est
490 1994 677 2033 auctoritas,
706 1994 761 2027 sed
793 1994 856 2026 alio
885 1994 1003 2025 ducunt
1032 1994 1087 2026 alii
1107 1995 1198 2033 libri,
1220 1999 1255 2027 ut
1276 2006 1377 2036 paene
1399 1996 1526 2029 credam
1547 1998 1706 2039 duplicem

105 2042 196 2075 uobis
217 2042 278 2075 1001
299 2043 451 2075 traditam
471 2054 539 2076 esse
557 2044 788 2081 recensionem,
808 2053 871 2075 non
893 2054 913 2075 a
927 2043 1093 2077 Theocrito
1113 2046 1169 2078 sed
1189 2047 1229 2079 ab
1251 2048 1292 2079 iis
1307 2048 1482 2088 profectam
1495 2049 1551 2091 qui
1567 2050 1706 2083 codicem

105 2095 191 2126 nacti
220 2094 302 2127 male
333 2095 477 2127 habitum
506 2099 539 2128 et
567 2096 708 2127 evanidis
745 2093 878 2127 subinde
905 2093 1007 2126 literis
1045 2097 1196 2137 scriptum
1227 2108 1432 2140 quaecunque
1469 2110 1533 2132 non
1560 2104 1710 2141 poterant

105 2147 265 2179 commode
285 2148 349 2189 legi
370 2149 523 2180 resarcire
544 2149 733 2181 studuerunt
750 2153 909 2189 utcunque
927 2150 1106 2188 potuerunt.
1150 2148 1191 2180 Et
1210 2149 1339 2183 Iuntina
1361 2151 1489 2192 quidem
1511 2151 1609 2185 editio
1633 2163 1706 2185 con—

106 2199 244 2231 sentiens
273 2210 343 2231 cum
367 2199 514 2242 Calliergi
543 2200 680 2233 editione
710 2204 742 2233 et
767 2200 873 2232 codiee
896 2200 1038 2233 Parisino
1062 2201 1090 2232 D
1121 2201 1199 2235 haec
1231 2203 1328 2235 habet
1360 2203 1424 2246 νόῳ
1456 2203 1484 2236 ‹3’
1514 2203 1568 2247 ὅγε
1599 2205 1710 2238 πολλὰ
