2072 2846
1726 235 1759 265 13

143 309 210 344 ὑπὸ
234 314 341 355 τροχῷ
363 311 445 354 αἰνῷ
467 307 627 354 ἔδακρυν,
662 314 694 343 et
715 314 822 355 τροχῷ
844 312 970 353 quidem
1001 323 1037 345 eo
1060 313 1196 344 nominis
1225 323 1317 344 sensu
1339 323 1400 354 quo
1423 317 1470 344 est
1495 314 1578 354 apud
1598 314 1757 355 Orpheum

143 363 211 395 lith.
241 366 298 396 135
323 362 429 406 αὐτὰρ
453 359 505 394 ἐπ’
529 358 618 405 ι’ίλλῳ
634 359 773 400 Ἄλλος,
798 361 916 395 ἔπειτα
939 360 968 395 δ’
991 361 1043 396 ἔπ’
1070 360 1171 402 ἄλλος
1187 362 1402 404 ἑλισσομέιόυ
1419 364 1625 408 (δράκοντος)
1642 365 1756 410 τροχὸς

145 412 250 457 fimf)

313 464 366 496 VS.
390 466 438 496 34.
484 460 650 504 Ἀλκμήνα
673 459 702 493 δ’
727 461 883 500 ἑςάκουσε
903 466 986 503 βοᾶς
1005 465 1060 497 καὶ
1083 465 1242 508 ἐπέγρετο
1267 465 1388 509 nodva·

479 511 628 552 ἶίνσταθ,
649 511 871 557 Ἀμφιτρύων·
897 513 954 555 ἐμὲ
976 515 1038 557 γὰρ
1061 516 1136 553 δέος
1156 514 1239 555 ἴσχει
1264 513 1413 558 ὀκνηρόν.

150 577 188 608 In
210 577 269 607 hac
291 575 448 615 scriptura
469 574 591 606 codices
613 584 721 606 omnes
743 575 943 606 consentiunt
962 578 1088 614 praeter
1110 586 1223 612 unum,
1244 575 1299 615 qui
1320 574 1417 606 habet
1437 574 1606 616 ἐπέδραμε
1630 573 1751 616 πρᾶτα,

143 627 227 669 quod
247 626 439 658 Fritzschius
461 626 622 663 assumsit,
644 626 817 657 Ahreusius
838 626 972 657 mutavit
993 626 1027 658 in
1055 625 1218 668 ἑπέκραγε
1245 625 1374 669 πρᾶτα,
1404 628 1515 657 neuter
1545 625 1584 657 de
1612 626 1755 667 graviore

145 680 216 712 labe
239 680 387 721 cogitans.
432 678 473 709 Et
492 678 639 710 Ahrensii
662 679 790 719 quidem
812 679 1024 711 coniecturam
1045 688 1108 710 non
1131 682 1196 710 tam
1217 681 1386 718 propterea
1408 677 1653 717 improbaverim
1673 676 1756 717 quod

145 730 310 773 ἔπὲκραγε
327 730 431 762 iudice
454 730 611 762 Meinekio
634 731 822 762 inurbanum
846 731 922 772 quid
944 741 1019 771 prae
1043 741 1075 762 se
1098 730 1194 767 serat,
1217 740 1312 770 quam
1334 729 1418 770 quod
1442 727 1556 772 ,τράτα
1580 732 1664 760 recte
1685 729 1754 769 qui—

144 780 216 813 dem
237 780 334 812 verbo
358 778 513 818 ἕςάκουσὲ
537 779 722 818 adderetm,
751 791 814 812 non
835 781 912 812 item
939 782 1034 813 verbo
1065 781 1227 823 ἑπέκραγε
1257 781 1334 822 quia
1360 791 1424 812 non
1453 780 1588 811 cuiusvis
1617 783 1686 811 erat
1707 780 1753 810 in-

143 842 274 872 crepare
286 831 556 872 Amphitryonem.
601 831 690 869 Quod
708 836 814 864 autem
830 832 1022 864 Fritzschius
1043 833 1195 873 praetulit
1214 832 1383 875 ἐπέδραμε
1394 857 1401 869 ,
1419 834 1663 863 consentaneum
1682 841 1756 862 sane

150 886 198 914 est
220 886 380 914 maternae
403 886 534 914 naturae
556 883 648 914 simul
671 884 788 916 sentire
810 884 985 924 periculum
1012 888 1044 917 et
1065 895 1228 917 accurrere
1251 895 1287 916 ac
1310 884 1416 916 videre
1441 884 1518 925 quid
1540 884 1586 915 rei
1615 884 1672 923 sit;
1701 882 1757 914 sed

148 937 234 966 vetat
254 934 321 974 ipse
341 937 449 974 poeta,
471 935 638 975 quominus
660 935 744 967 idem
766 936 875 968 fecisse
891 935 1074 967 Alcmenam
1095 938 1277 967 statuamus.
1321 935 1408 967 Adeo
1429 935 1513 966 enim
1533 935 1654 975 ingenti
1670 937 1756 965 metu

142 988 346 1017 consternata
374 989 457 1023 erat,
483 991 519 1018 ut
546 997 675 1029 surgere
706 999 768 1020 non
798 992 918 1028 posset3
947 987 1005 1027 ἐμὲ
1035 985 1095 1030 γάρ
1123 988 1227 1029 inquit
1254 988 1329 1025 δέος
1357 985 1440 1026 ἴσχει
1472 983 1620 1028 ὀκνηρόν.
1653 987 1756 1026 Atque

143 1041 245 1070 totum
270 1038 329 1070 hoc
351 1037 435 1078 quod
455 1039 625 1078 compellat
643 1040 920 1082 Amphitryonem,
941 1049 1004 1070 uon
1026 1042 1074 1070 est
1103 1039 1170 1070 eius
1197 1049 1279 1080 quae
1308 1039 1370 1070 cito
1399 1038 1480 1078 pede
1502 1037 1543 1069 ad
1565 1038 1755 1069 incunabula

142 1092 310 1124 infantium
332 1090 532 1123 advolaverit.
576 1091 666 1129 Quod
688 1093 714 1123 si
736 1091 868 1130 fecisset,
885 1093 1000 1123 mirum
1016 1093 1041 1123 si
1063 1092 1209 1134 prodigio
1232 1095 1398 1132 conspecto
1421 1091 1502 1123 nihil
1515 1091 1602 1123 aliud
1623 1091 1758 1123 dixisset

141 1156 236 1187 quam
264 1145 324 1177 hoc
354 1142 424 1176 ἔστι
455 1142 489 1175 τί
517 1156 575 1185 μοι
607 1145 690 1176 κατὰ
722 1146 817 1186 δῶμα
847 1146 1023 1188 νεώτερον.
1054 1141 1124 1174 ἔστι
1159 1140 1228 1185 φίλ’
1262 1142 1400 1187 ἀνδρῶν.
1454 1143 1565 1184 Itaque
1595 1143 1755 1184 vulgatam

141 1199 309 1230 lectionem
330 1196 412 1229 tueri
432 1197 525 1229 velim
547 1200 579 1228 et
604 1195 774 1239 ἐπέδραμε
797 1196 925 1228 credere
947 1199 1001 1227 aut
1023 1204 1061 1225 ex
1083 1194 1326 1234 interpolatione
1350 1196 1454 1225 ortum
1477 1196 1532 1224 aut
1553 1203 1610 1233 per
1630 1193 1754 1225 librarii

145 1249 392 1290 neglegent-iam,
415 1248 540 1288 qualem
562 1257 659 1287 supra
681 1247 748 1278 dixi
770 1246 940 1288 aliquando
964 1249 1039 1277 nota
1065 1257 1123 1277 nec
1145 1249 1279 1287 cognata
1300 1246 1385 1277 inter
1406 1255 1438 1277 se
1462 1244 1612 1276 vocabula
1634 1248 1753 1276 temere

144 1300 328 1333 confudisse.
372 1299 508 1331 Versum
535 1302 641 1330 autem
663 1298 815 1330 excidisse
845 1309 906 1339 quo
935 1298 1073 1329 locutam
1107 1308 1173 1328 esse
1193 1296 1376 1329 Alcmenam
1398 1296 1606 1335 indicaretur,
1629 1297 1756 1338 egregie

144 1353 305 1393 perspexit
327 1351 511 1383 Meinekius.

309 1409 362 1441 Vs.
385 1411 434 1442 37.
477 1405 545 1440 Οὐκ
568 1405 669 1446 ἀΐεις,
696 1405 826 1439 παίδων
850 1403 868 1437 ὃ
888 1404 1048 1449 νεώτερος
1071 1404 1171 1439 ὅσσον
1193 1406 1304 1447 affixa,-

476 1457 496 1502 ἣ
519 1457 557 1491 οὐ
580 1461 700 1496 νοέεις,
725 1456 777 1489 ὅτι
799 1457 914 1494 νυκτὸς
936 1453 1022 1500 ὅτ’ωρί
1046 1469 1111 1489 που
1134 1457 1165 1490 οἶ
1187 1459 1223 1490 δέ
1245 1471 1280 1491 τε
1302 1461 1407 1498 τοῖχοι

478 1508 598 1548 πάντες
618 1507 822 1553 ἂριφραδέες
842 1511 996 1552 καθαρᾶς
1019 1508 1106 1552 ἅπερ
1130 1507 1323 1552 ἤγιρειέἰας.

149 1562 200 1593 Sic
222 1561 301 1594 haec
323 1561 487 1593 constituit
508 1560 684 1592 Meinekius
706 1561 823 1600 partim
845 1571 884 1592 ex
906 1560 1059 1592 librorum
1080 1562 1269 1593 auctoritate
1289 1562 1408 1601 partim
1429 1572 1467 1592 ex
1489 1561 1676 1593 coniectura
1714 1561 1757 1592 Et

143 1612 266 1652 priores
287 1611 416 1653 quidem
447 1611 584 1643 editores
618 1610 808 1652 Calliergum
840 1612 939 1642 secuti
962 1608 982 1654 ἥ
1003 1612 1192 1652 particulam
1219 1612 1419 1651 deleverant-3
1438 1613 1648 1646 restituerunt
1675 1613 1751 1644 Mei-

146 1664 258 1697 nekius
290 1667 322 1695 et
340 1663 528 1701 Ahrensius,
557 1673 655 1704 quum
677 1663 817 1695 habeant
845 1662 933 1700 libri,
964 1663 1019 1695 sed
1040 1674 1150 1695 vereor
1177 1667 1213 1695 ut
1241 1664 1324 1695 iusto
1346 1664 1422 1695 loco.
1466 1663 1547 1695 Nam
1570 1664 1700 1705 languet
1720 1664 1754 1694 in

146 1717 236 1747 tanto
258 1715 400 1746 mulieris
427 1715 602 1746 concitatae
625 1714 742 1747 affectu
764 1715 826 1746 ista
847 1714 1131 1755 interrogationum
1153 1713 1337 1753 disiuncti03
1360 1714 1507 1745 convenit
1527 1716 1632 1745 autem
1660 1724 1755 1754 quam

144 1767 279 1798 maxime
310 1766 410 1806 priori
440 1766 622 1799 sententiae.
668 1765 750 1797 Nam
780 1777 877 1806 quum
899 1765 1050 1797 Alcmena
1077 1765 1161 1797 facta
1190 1765 1246 1797 ina
1273 1765 1513 1805 compellatione
1540 1760 1643 1795 ἕένστα
1670 1765 1753 1805 μηδὲ

303 1885 328 1917 ²³>
349 1886 471 1911 Fortasse
490 1887 567 1911 etiam
585 1886 679 1911 xxvu
701 1888 730 1911 19
751 1887 803 1911 duo
823 1886 951 1912 vocabula
968 1887 1027 1911 αἰέν
1047 1890 1070 1910 et
1089 1884 1168 1912 αἰνόν
1181 1894 1302 1918 perverse
1321 1889 1479 1912 commutata
1497 1890 1565 1911 sunt.
1593 1885 1656 1910 Nam
1673 1893 1752 1917 quum

145 1937 213 1961 quae
229 1929 352 1961 leguntur
370 1930 396 1954 iu
415 1930 528 1960 antiquis
547 1929 708 1955 editionibus
726 1929 761 1954 σι’·
778 1929 807 1954 δὲ
827 1928 911 1964 ζυγὸν
928 1929 987 1954 αἰὲν
1006 1928 1104 1962 ιῖείρεις
1122 1930 1158 1959 (in
1173 1929 1273 1954 lumina
1291 1931 1329 1955 sic
1348 1931 1472 1962 scriptum
1491 1928 1601 1964 ἀείρεΐς)
1619 1938 1671 1954 non
1690 1931 1754 1955 satis

147 1977 206 2006 apte
231 1973 298 2004 dici,
322 1973 429 1998 codices
453 1976 540 1997 autem
567 1969 657 2005 ἅειρες
683 1976 708 1997 et
734 1971 823 2006 ιέεῐρες
846 1972 999 1998 exhibentes
1023 1973 1092 1998 aliud
1119 1978 1262 1999 monstrare
1285 1975 1435 2006 videantur,
1461 1977 1546 1999 tamen
1572 1975 1631 2000 αἰὲν
1652 1974 1755 2008 ιὲείριιις

147 2016 217 2048 quod
237 2020 262 2041 et
282 2015 411 2041 Ahrensio
436 2019 460 2040 et
480 2015 614 2041 Meinekio
633 2015 730 2048 piacuit
755 2016 864 2041 multum
886 2015 966 2042 habet
991 2017 1144 2043 offensionis
1163 2022 1268 2051 propter
1285 2019 1344 2044 αἰέν
1369 2026 1429 2043 cum
1455 2019 1550 2043 aoristo
1576 2019 1752 2044 coniunctum.

144 2060 202 2086 Non
233 2059 297 2085 fauit
319 2068 362 2084 me
386 2059 555 2084 Homericum
579 2056 615 2088 ὣς
639 2060 691 2085 αἰεὶ
714 2059 823 2093 Ἀχιλῆα
843 2058 971 2093 κιχήσατο
997 2063 1071 2096 κῦμα
1095 2061 1169 2096 ῥόοιο
1190 2063 1216 2088 11.
1243 2062 1316 2094 XXI,
1337 2064 1403 2091 2633
1430 2063 1479 2088 sed
1504 2070 1571 2095 quae
1595 2063 1674 2089 huius
1701 2064 1752 2088 loci

145 2109 232 2138 parata
250 2109 290 2130 est
315 2104 450 2137 explicaiio
472 2118 508 2123 —
532 2108 572 2129 est
597 2105 666 2129 enim
686 2106 741 2130 αἰεί
766 2109 882 2130 nostrum
901 2106 1030 2137 jedesmal
1046 2121 1080 2126 —
1105 2107 1215 2132 eandem
1242 2107 1335 2132 frustra
1359 2107 1486 2133 adhibeas
1509 2107 1568 2132 loco
1590 2107 1752 2132 Theocriteo.

145 2149 199 2174 Sed
221 2157 254 2174 ne
275 2149 336 2175 αἰὲν
353 2148 455 2182 ἀείροις
472 2149 593 2180 quidem,
614 2149 686 2180 quod
708 2150 933 2175 Wordsworthius
953 2153 1104 2183 proposuit,
1129 2155 1235 2184 propter
1253 2159 1379 2184 praesens
1405 2151 1506 2187 ἀείροις
1527 2153 1670 2177 sententiae
1689 2160 1752 2176 con-

146 2196 223 2220 venit.
261 2195 336 2225 Quod
355 2195 404 2219 nisi
425 2196 528 2226 gravius
549 2194 609 2219 latet
629 2194 738 2226 vulnus,
757 2195 842 2220 lenius
862 2196 899 2220 sic
919 2196 1034 2227 corrigas
1051 2193 1086 2220 σι)
1105 2195 1134 2220 δὲ
1157 2194 1238 2228 ζυγὸν
1257 2194 1336 2221 αἰνὸν
1353 2195 1463 2231 ἀείροις.
