2131 2827
1751 235 1769 264 7

168 309 307 349 potuisse
330 308 530 340 Theocritum
551 308 597 339 ita
618 310 782 347 poetarum
805 309 996 340 mentionem
1024 310 1156 347 iterare,
1184 313 1220 341 ut
1241 311 1354 343 seriem
1374 314 1494 344 temere
1516 314 1769 355 interrumperet.

166 360 274 392 Nihilo
296 361 399 392 minus
414 358 511 390 verba
531 361 568 389 ut
588 359 681 399 vulgo
703 360 822 399 scripta
842 363 915 392 sunt
933 359 1059 391 defendi
1073 369 1164 399 posse
1186 360 1330 391 existimo
1349 360 1410 392 levi
1426 370 1572 392 concessa
1586 362 1768 394 mutatione.

163 412 249 443 Duas
267 411 352 443 enim
367 409 457 450 quasi
473 408 587 439 classes
600 409 762 440 hominum
775 409 899 442 videtur
913 413 1095 453 opposuisse
1109 414 1197 454 genti
1209 413 1445 445 Mercurialium
1459 415 1613 453 virorum3
1633 416 1769 455 primum

162 461 388 503 indulgendum
410 470 478 491 esse
499 459 577 490 dicit
598 459 659 491 sibi
688 460 800 501 cuique
823 462 898 501 ipsi,
928 466 995 495 tum
1017 475 1090 497 vero
1118 466 1214 497 etiam
1236 468 1366 504 poetae3
1395 465 1509 497 deinde
1531 465 1770 498 condonandum

165 524 232 545 esse
255 511 375 553 aliquid
401 514 434 543 et
459 510 531 542 aljis
555 511 735 543 hominibus
764 523 861 553 quum
892 516 1033 555 cognatis
1061 519 1129 546 tum
1157 515 1302 556 reliquis,
1331 526 1389 548 nec
1411 527 1474 548 non
1496 517 1545 548 dis
1571 517 1661 558 larga
1681 528 1770 549 sacra

163 575 229 596 esse
251 562 408 599 facienda,
432 565 464 593 et
485 562 626 602 hospites
646 563 823 595 liberaliter
845 566 1061 605 excipiendos,
1084 569 1117 597 at
1139 577 1212 598 vero
1233 567 1405 606 plui-imum
1423 568 1552 600 honoris
1574 568 1683 600 deberi
1699 568 1765 599 Mu-

160 626 266 647 sarum
288 613 523 654 interpretibus.
555 614 622 645 Hoc
644 614 736 646 modo
759 626 822 646 non
843 616 954 656 inepta
975 616 1011 647 fit
1026 617 1141 656 duplex
1160 620 1325 657 poetarum
1339 619 1610 658 commemorati03
1630 618 1684 650 sed
1707 618 1768 650 duo

160 667 216 698 illa
243 677 323 707 quae
350 665 452 705 poetis
482 669 682 706 opponuntur
710 677 827 707 genera
856 670 932 707 puto
959 668 1064 709 aliquo
1094 668 1186 700 modo
1214 669 1309 701 fuisse
1339 670 1546 711 seiungenda,
1574 674 1609 702 ut
1635 681 1675 703 ne
1706 681 1768 702 uno

160 718 266 749 omnia
287 720 396 749 tenore
418 717 605 758 legerentur.
649 717 794 749 Efficitm·
815 722 920 750 autem
940 719 999 751 hoc
1019 719 1123 751 deleta
1144 721 1388 752 continuationis
1420 721 1524 753 indice
1555 722 1711 762 particula
1732 722 1768 754 δέ

155 770 320 810 positaque
343 772 413 808 post
437 766 560 800 ἀοιδῶν
582 769 701 801 maiore
724 770 995 810 interpunctione:

492 818 577 852 ἀλλὰ
598 820 635 852 τὸ
655 822 715 862 μὲν
740 824 842 865 ψυχᾷ,
869 821 907 854 τὸ
930 822 966 853 δὲ
989 821 1046 853 καί
1064 834 1127 853 τινι
1151 822 1266 853 δοῦναι
1289 819 1424 854 ἀοιδῶν·

493 872 640 910 πολλοὺς
663 869 698 904 εὖ
721 871 815 915 ἔρξαι
838 876 949 912 παῶν,
975 872 1120 911 πολλοὺς
1142 874 1178 905 δὲ
1200 875 1255 905 καὶ
1279 870 1388 905 ἄλλων

493 920 683 966 ἀνθρώπιον
706 924 774 955 κτλ.

322 984 376 1016 Vs.
399 987 448 1016 44.
488 981 528 1014 Ei
550 982 595 1025 μὴ
619 983 727 1021 δεινὸς
747 981 861 1022 ἀοιδὸς
884 981 901 1015 ὁ
928 982 1032 1025 lesing
1055 982 1154 1015 αἰόλα
1177 984 1323 1026 φωνέων.

157 1038 309 1076 Quoniam
339 1037 386 1068 ita
415 1040 446 1068 et
467 1036 644 1068 Meinekius
667 1040 698 1069 et
719 1037 907 1073 Ahrensius,
930 1036 1106 1078 gravissimi
1129 1036 1162 1066 in
1184 1035 1234 1066 his
1260 1035 1363 1067 literis
1391 1035 1562 1073 duumviri,
1592 1036 1767 1075 ediderunt,

154 1100 217 1121 non
239 1090 398 1130 ingratum
421 1088 482 1119 erit
503 1088 628 1126 1111111111,
652 1088 728 1129 quid
742 1089 938 1122 Godofredus
953 1089 1167 1125 Hermannus,
1189 1091 1375 1128 praeceptor
1394 1088 1470 1120 olim
1491 1099 1579 1121 meus
1598 1089 1762 1121 dilectissi-

156 1152 239 1179 mus,
275 1151 368 1181 quem
396 1139 524 1171 laudare
552 1150 609 1180 pro
639 1140 794 1172 tenuitate
822 1141 942 1182 ingenii
969 1141 1032 1172 mei
1061 1151 1122 1171 non
1152 1139 1252 1177 valeo,
1281 1140 1335 1179 pia
1362 1140 1464 1171 colere
1493 1140 1709 1173 recordatione
1732 1144 1765 1172 et

154 1193 355 1226 veneratione
379 1191 453 1223 duni
476 1192 622 1231 spiritum
643 1192 727 1222 hunc
757 1191 837 1223 duco
861 1196 892 1223 et
914 1192 1014 1224 debeo
1037 1195 1069 1223 et
1090 1191 1171 1228 volo,
1194 1191 1228 1221 in
1250 1191 1365 1222 scholis
1385 1191 1520 1231 publicis
1542 1192 1667 1223 aestivis
1691 1193 1765 1224 anni

152 1243 419 1277 MDCCCXXXH
447 1242 486 1274 (10
514 1243 573 1274 1100
601 1243 668 1274 loco
691 1242 878 1275 iudicaverit
907 1241 1038 1281 ,δεινός
1060 1243 1185 1274 videtur
1213 1253 1252 1274 ex
1274 1242 1433 1274 codicibus
1456 1243 1676 1284 corrigendum
1698 1254 1765 1275 esse

153 1297 187 1327 in
209 1299 331 1333 κεῖιόςς
357 1305 429 1326 nain
452 1294 503 1325 hic
525 1294 613 1325 nulla
638 1305 749 1326 caussa
776 1295 915 1331 dicendi,
949 1305 1011 1335 (1110
1040 1298 1132 1334 pacto
1159 1293 1212 1325 ille
1235 1297 1330 1334 poeta
1351 1295 1541 1326 excelluerit.
1585 1295 1669 1326 Illud
1696 1298 1765 1326 tum

152 1348 278 1379 demum
298 1349 383 1377 recte
411 1345 584 1383 dic-eretur,
606 1345 632 1375 si
655 1348 737 1376 esset
759 1356 860 1377 sermo
890 1346 928 1377 de
952 1349 1046 1386 poeta
1066 1347 1101 1377 in
1126 1346 1184 1377 tali
1205 1346 1341 1387 quadam
1363 1357 1397 1378 re
1428 1357 1508 1387 quae
1536 1347 1674 1388 aliquam
1701 1347 1765 1378 vim

152 1400 271 1442 ingenii
299 1398 474 1439 requireret
504 1397 643 1429 eximio&
696 1396 852 1428 Nimirum
882 1397 989 1435 δεινός
1019 1399 1044 1429 si
1074 1399 1250 1438 scripsisset
1277 1399 1472 1436 Theocritus,
1500 1399 1604 1431 nescio
1632 1410 1673 1430 an
1702 1399 1764 1430 sibi

153 1452 312 1484 obfuisset.
365 1449 447 1480 Nam
477 1449 550 1485 „ille
583 1448 710 1489 quidem
741 1448 929 1486 Simonides,
955 1449 1070 1481 dixerit
1096 1449 1226 1490 aliquis,
1256 1460 1387 1490 magnus
1413 1453 1508 1489 poeta
1537 1454 1606 1482 erat
1635 1454 1668 1483 et
1694 1452 1764 1483 iure

153 1504 327 1543 meritoque
353 1501 501 1533 utebatur
528 1500 684 1531 munificis
711 1501 854 1540 patronis
875 1500 1025 1541 Scopadis
1048 1505 1079 1534 et
1101 1502 1263 1540 Cleondis3
1291 1506 1326 1533 tu
1347 1513 1420 1534 vero
1441 1502 1568 1543 qualem
1589 1506 1620 1535 te
1642 1503 1763 1535 iudicas

151 1568 218 1589 esse
237 1554 321 1596 quod
341 1564 471 1585 munera
493 1553 713 1593 expostidas?‘*
758 1554 821 1584 Aut
851 1554 948 1595 igitiu·
972 1565 1078 1586 omnes
1099 1557 1209 1594 poetas
1232 1565 1295 1585 non
1323 1557 1389 1585 tzun
1414 1553 1555 1596 σοφούς,
1580 1558 1616 1586 ut
1637 1555 1684 1587 sas
1707 1559 1762 1592 est,

153 1609 208 1641 sed
232 1605 359 1644 δεινοί-ς
382 1605 521 1645 oportuit
536 1605 654 1642 dicere,
677 1604 761 1645 quod
784 1615 845 1636 non
862 1605 990 1642 licebat,
1011 1609 1066 1637 aut
1088 1616 1120 1637 50
1136 1616 1245 1645 parem
1260 1615 1441 1644 nimcupare
1454 1604 1607 1636 Simonidi
1622 1605 1763 1646 adeoque

152 1660 302 1692 Homero,
324 1657 408 1698 quod
430 1668 492 1687 non
515 1656 657 1687 debebat.
701 1656 813 1696 Itaque
836 1656 858 1687 ii
880 1657 954 1688 libri
968 1667 1074 1688 verani
1096 1660 1259 1696 praestant
1280 1656 1461 1693 lectionem,
1480 1657 1514 1686 in
1528 1656 1642 1696 quibus
1665 1655 1694 1688 εἰ
1715 1656 1759 1698 μὴ

151 1713 256 1747 κεῖνος
280 1706 395 1746 ἀοιδὸς
418 1705 435 1739 ὃ
450 1706 566 1750 Κήϊος.
611 1707 681 1739 Non
697 1708 812 1738 mirum
833 1711 952 1746 autem.
975 1709 1068 1740 fuisse
1085 1709 1141 1749 qui
1159 1711 1263 1745 κεῖνος
1285 1708 1364 1739 illud
1379 1708 1474 1739 nimis
1489 1710 1583 1740 tenue
1597 1708 1764 1740 crederent

150 1762 385 1800 scriberentque
422 1759 477 1790 alii
515 1757 622 1795 δεινός
657 1758 741 1798 (1110(1
769 1757 982 1799 Hermogenes
1019 1761 1052 1791 in
1084 1760 1166 1791 libro
1194 1760 1315 1791 invenit
1343 1770 1414 1797 suo,
1450 1759 1505 1791 alii
1544 1762 1637 1796 θεῖος
1676 1760 1760 1801 (1110(1

151 1814 216 1845 01115
231 1811 405 1843 Scholiasta
427 1813 448 1841 t.
467 1809 528 1840 VII
544 1812 562 1840 2
579 1820 608 1849 p.
630 1811 709 1842 1084
723 1812 874 1841 testatur:
896 1809 1013 1849 ἰστέον,
1029 1809 1081 1841 ὅτι
1097 1810 1130 1842 ἐν
1144 1813 1214 1848 τοῖς
1228 1813 1281 1842 νῦν
1297 1811 1513 1853 φαινομένοις
1535 1811 1760 1853 Θεοκριτείοις

151 1863 187 1896 εἰ
209 1862 260 1904 μ’)
282 1865 404 1899 θεῖος
428 1859 577 1899 ἀοιδός
596 1861 791 1903 γέγραπται.
837 1861 898 1894 Sed
928 1865 1033 1899 κεῖνος
1054 1862 1157 1902 ipsum
1179 1871 1303 1902 quoque
1332 1872 1371 1893 ex
1393 1862 1583 1903 antiquitate
1610 1865 1761 1894 testatum

152 1917 312 1949 habemus.
362 1914 443 1946 Nam
465 1914 599 1946 Ioannes
622 1914 769 1946 Siceliota
790 1915 854 1947 sive
876 1915 1056 1955 Doxopater
1078 1916 1099 1944 t.
1123 1913 1168 1944 VI
1188 1923 1218 1953 p.
1239 1916 1299 1945 451
1324 1913 1377 1945 διὸ
1400 1911 1467 1952 τάχ’
1490 1909 1529 1944 ὄῖν
1557 1913 1661 1954 inquit
1684 1912 1761 1946 οὐδὲ

149 1967 364 2011 ἐγνώσθησαν
381 1966 601 2009 (Κρεῶνδαι),
627 1964 656 1997 εἰ
674 1966 719 2008 μὴ·
743 1966 866 2004 ἐκεῖνος
886 1963 909 2009 7³2¹
932 1962 988 2003 οὓς
1008 1964 1140 2002 ἐκεῖνος.
1160 1963 1198 1995 τὸ
1222 1962 1300 1995 ὅλον
1320 1964 1355 1996 δέ
1380 1963 1415 1995 εἰ
1436 1964 1488 2006 μὴ
1511 1967 1644 2003 κεῖνος
1667 1963 1762 1998 ἄοι-

151 2020 223 2058 ὄὸς
245 2017 262 2051 ὁ
288 2018 416 2060 Ktjiog
440 2016 565 2048 αἰόλα
589 2018 761 2058 φωνέων
784 2018 840 2049 καὶ
860 2030 901 2049 τα
931 2016 1013 2060 ἑξῆς.
1036 2016 1072 2048 τὸ
1097 2015 1235 2053 δεινός
1266 2012 1305 2047 οὗ
1330 2013 1524 2057 πρόςκειται
1551 2014 1640 2058 αὐτῷ
1661 2016 1695 2048 ἐν
1716 2014 1762 2060 ‘ug

151 2067 284 2114 ᾅσματι.
307 2068 388 2106 ἴσως
403 2069 439 2101 δὲ
461 2064 500 2111 ἦν
524 2067 560 2100 εἱ
582 2068 632 2111 μὴ
652 2071 782 2107 Κεῖος
805 2066 967 2106 ἀοιδός.
1013 2067 1097 2104 Quae
1119 2066 1236 2106 partini
1249 2068 1397 2105 corrupta
1417 2066 1535 2106 partim
1549 2067 1658 2106 inepta
1679 2070 1759 2099 sunt.

151 2121 192 2152 Et
214 2123 354 2152 extrema
372 2119 501 2161 quidem
522 2119 697 2159 Doxopatri
719 2131 785 2152 esse
808 2131 870 2151 non
892 2122 1038 2160 possunt:
1058 2118 1113 2150 sed
1134 2120 1205 2148 sunt
1227 2117 1312 2149 haud
1335 2117 1429 2149 dubie
1452 2118 1589 2155 scribae,
1615 2118 1669 2158 qui
1692 2129 1758 2150 cor-

630 2167 648 2179 ‚x

150 2176 244 2213 rupta
264 2172 341 2204 haec
365 2170 392 2202 εἰ
415 2170 456 2213 ,(17)
484 2170 606 2208 ἐκεῖνος
630 2184 645 2212 ⁷1
673 2165 728 2208 οἷ’-ς
749 2170 872 2208 ἐκεῖνος
899 2170 1034 2202 correxit
1061 2172 1096 2200 ut
1114 2168 1230 2210 potuit,
1259 2178 1317 2199 nec
1345 2167 1427 2200 male
1446 2171 1562 2201 tamen.
1605 2168 1764 2201 Videntur
