2072 2846
319 255 356 284 12

322 334 500 377 significare
522 342 584 364 non
607 335 727 373 potest,
759 331 843 373 apud
865 331 1065 364 Theocritum
1089 335 1194 365 autem
1218 334 1357 374 σταθμά
1380 335 1440 375 ipsi
1463 338 1536 366 sunt
1555 337 1661 375 postes
1683 345 1761 376 quos
1782 346 1844 378 quo
1866 336 1930 369 alio

318 395 411 418 sensu
434 394 525 416 cavos
546 384 641 415 liceat
654 383 817 415 nomina’re
836 393 931 424 quam
950 394 1012 425 quo
1029 383 1115 415 LXX
1131 394 1229 424 quum
1249 384 1382 417 divitum
1398 385 1507 418 domos
1524 385 1797 427 κοιλοστάθμους
1814 387 1930 424 dixere,

318 435 464 478 equidem
486 435 600 467 nescio.
645 434 711 465 Ista
731 437 838 465 autem
860 434 1049 476 significatio
1072 434 1152 465 nihil
1174 434 1215 466 ad
1239 446 1322 474 rem;
1342 447 1415 468 nam
1437 438 1589 469 eiusmodi
1613 439 1750 478 postium
1773 441 1925 472 cavitates

316 489 398 521 nihil
427 488 582 529 praebent
612 486 706 526 spatii
734 495 791 525 per
820 485 905 526 quod
941 488 1105 526 serpentes
1139 496 1206 518 sese
1237 487 1270 518 in
1300 487 1427 519 domum
1462 488 1631 521 insinuent.
1700 490 1794 522 Recte
1825 491 1929 522 omnia

318 542 486 577 haberent,
509 540 534 570 si
559 539 711 578 scriptum
738 539 820 569 esset
845 535 906 568 ὅθι
930 537 1026 568 κοῖλα
1056 534 1194 579 θυράων
1225 534 1330 568 οἴκου.
1374 537 1464 570 Nune
1491 540 1576 580 quod
1598 541 1732 572 coniecit
1753 541 1931 573 Meinekius

319 593 379 626 ὅθι
402 592 540 630 σταθμὰ
561 590 646 622 καλὰ
666 589 805 633 θυράων
825 587 928 621 Οῗκοιι
942 600 1039 631 quum
1057 590 1092 621 in
1109 589 1320 629 descriptione
1335 588 1445 621 domus
1460 594 1533 631 apte
1551 591 1723 629 diceretur,
1742 592 1805 623 iam
1821 602 1932 623 vereor

320 647 353 678 in
376 646 435 677 hac
458 653 552 676 causa
572 653 611 674 ne
642 642 676 673 id
699 641 843 682 pluribus
865 644 1042 681 exponatur
1063 640 1146 682 quod
1166 640 1269 672 omitti
1292 643 1434 681 poterat,
1460 642 1657 675 desideretur
1684 643 1768 685 quod
1796 643 1929 675 indicari

318 697 468 733 debebat,
489 705 551 737 quo
572 693 665 725 modo
686 695 849 733 serpentes
871 693 904 724 in
927 692 1055 724 domum
1076 692 1214 724 clausam
1234 693 1429 732 irrepserint.
1474 693 1585 735 Itaque
1608 694 1704 726 κοῖλα
1725 693 1863 736 θυράων
1885 695 1929 725 sic

316 747 505 781 servandum
535 756 601 778 esse
629 755 740 777 censeo
772 747 809 775 ut
842 747 898 776 aut
926 741 1064 784 σταθμά
1093 746 1150 776 aut
1179 741 1273 775 οἷ’κου
1304 744 1491 776 vocabulum
1521 755 1579 785 pro
1610 749 1757 786 corrupto
1788 746 1932 778 habeam.

317 801 464 833 Fortasse
493 798 663 838 scripserat
690 799 785 836 poeta
817 794 878 827 ὅθι
909 794 1048 836 σταθμὰ
1076 795 1173 827 κοῖλα
1199 794 1338 839 θυράων
1362 793 1458 838 Οἷγεν
1488 799 1541 828 ubi
1566 800 1659 838 postes
1680 798 1827 836 faciehant
1854 808 1934 838 aper-

317 854 414 883 turam
437 851 569 889 jbrium,
607 860 646 881 ea.
675 848 800 880 dicendi
829 848 931 889 figura
960 858 1055 888 quam
1086 847 1220 879 actionis
1249 849 1392 888 passivae
1422 851 1456 880 et
1489 849 1665 881 nominavit
1693 851 1725 880 et
1752 848 1933 889 explanavit

318 904 479 936 Arminius
501 902 623 943 Kochly
645 902 680 933 in
701 901 898 942 praefatione
919 901 1029 939 Quinti
1052 899 1174 941 Smyrn.
1195 910 1225 940 p.
1247 899 1342 932 XCII.

486 954 538 985 Vs.
562 956 611 987 30.
660 952 714 985 Τώ
735 951 763 985 d⁰
786 949 864 985 αἶντε
887 951 1064 995 σπείρῃσιν
1087 950 1288 994 ἑλισσέσθην
1309 952 1386 995 περὶ
1408 952 1515 984 παῖδα

653 1003 815 1048 ὀψίγονον
840 1003 1049 1047 γαλαθηνόν,
1074 1001 1141 1035 ὑπὸ
1164 1007 1281 1047 τροφῷ
1303 1004 1374 1037 αἰὲν
1392 1001 1554 1048 -ἷίὸακρυν,

318 1058 471 1091 Hercules
492 1067 547 1088 cur
565 1053 728 1099 ὀψίγονος
748 1055 886 1093 dicatur,
902 1065 965 1087 non
982 1054 1128 1095 dispicio,
1150 1055 1176 1085 si
1192 1055 1318 1096 quidem
1335 1056 1395 1088 hoc
1409 1067 1523 1088 nomen
1537 1067 1638 1097 neque
1661 1056 1816 1088 infantiae
1831 1066 1933 1097 neque

319 1109 514 1142 infirmitatis
530 1109 715 1148 impressam
732 1107 830 1139 habet
849 1107 1009 1138 notionem
1024 1110 1191 1148 potestque
1210 1109 1259 1142 vel
1273 1110 1407 1142 maxime
1423 1113 1528 1142 aetate
1543 1113 1708 1150 provectus
1724 1120 1761 1141 ae
1779 1109 1930 1141 robustis—

319 1164 417 1195 simus
435 1172 491 1193 suo
502 1161 570 1192 loco
594 1157 755 1201 ὀψίγονος
777 1159 942 1200 appellari.
987 1158 1048 1191 Sed
1079 1160 1174 1192 audio
1185 1161 1397 1193 Fritzschium
1412 1172 1518 1193 meum
1532 1172 1628 1203 quum
1642 1161 1779 1201 explicat
1793 1172 1856 1192 sero
1870 1160 1889 1191 i.
1907 1170 1933 1192 e.

319 1227 402 1256 aegre
415 1226 448 1246 ac
467 1216 552 1255 yram·
567 1215 660 1254 partu
680 1214 798 1244 editum.
843 1212 912 1250 Qua
929 1212 968 1245 de
990 1212 1218 1254 significatione
1237 1215 1321 1247 vocis
1339 1215 1474 1247 multum
1489 1217 1659 1255 usurpatae
1678 1213 1823 1245 dubitare
1842 1212 1933 1250 lieet,

319 1276 393 1298 nam
407 1268 499 1297 teneo
515 1264 590 1301 hoc,
606 1263 790 1296 recedentes
806 1275 825 1296 a
841 1264 998 1296 communi
1015 1275 1072 1296 usu
1094 1255 1341 1308 significationes
1352 1267 1399 1298 ita
1411 1266 1538 1298 demum
1555 1276 1716 1298 concessas
1732 1276 1814 1302 esse,
1831 1265 1857 1296 si
1873 1274 1932 1305 per

319 1319 420 1348 totam
443 1316 618 1348 sententiae
642 1315 792 1356 cuiusque
808 1317 965 1348 rationem
980 1318 1100 1349 novitia
1116 1318 1306 1360 significatio
1327 1318 1530 1351 audientibus
1546 1318 1594 1349 vel
1607 1317 1715 1349 invitis
1731 1327 1798 1349 sese
1813 1316 1933 1348 offerat.

321 1369 383 1401 Sed
410 1368 460 1400 vel
483 1369 543 1400 hoc
566 1368 768 1401 condonetur.
811 1369 854 1400 At
875 1369 953 1401 haec
980 1381 1031 1402 res
1053 1371 1136 1412 quod
1159 1374 1262 1403 mater
1291 1381 1384 1412 aegre
1412 1370 1506 1402 enixa
1533 1373 1582 1402 est
1607 1369 1684 1411 quid
1714 1368 1791 1401 facit
1816 1368 1857 1400 ad
1879 1367 1933 1399 de-

321 1420 505 1453 clarandum
527 1420 674 1453 mirabile
702 1421 833 1453 infantis
855 1422 976 1454 robur?
1019 1423 1155 1455 Multum
1184 1432 1258 1454 vero
1280 1421 1358 1453 facit
1379 1421 1420 1453 ad
1449 1432 1520 1453 eam
1541 1432 1623 1458 rem,
1646 1421 1672 1452 si
1695 1430 1758 1452 non
1785 1429 1855 1452 sero
1877 1418 1933 1451 sed

321 1484 430 1506 recens
457 1476 551 1505 natus
579 1473 732 1506 Hercules
761 1477 794 1506 et
821 1474 925 1507 adhuc
951 1475 1072 1508 lactens
1101 1475 1304 1516 proponitur,
1338 1474 1365 1505 si
1393 1484 1456 1506 non
1493 1471 1669 1516 ὀψίγονος,
1702 1472 1729 1504 si
1761 1468 1935 1514 ἀρτίγονος

321 1524 508 1565 appellatur.
553 1523 619 1556 Nec
641 1535 752 1556 vereor
773 1536 812 1557 ne
831 1526 901 1566 quis
922 1525 1031 1559 decem
1052 1536 1175 1558 menses
1195 1526 1310 1567 quibus
1331 1529 1424 1557 natus
1444 1528 1513 1557 erat
1526 1525 1679 1557 Hercules
1697 1525 1776 1556 mihi
1795 1524 1934 1556 obiiciat.

323 1577 453 1609 Aetates
475 1576 559 1608 enim
581 1586 645 1608 non
675 1587 798 1617 semper
826 1587 885 1617 per
912 1587 944 1610 se
967 1577 1169 1617 spectandae,
1191 1576 1246 1608 sed
1266 1576 1437 1618 aliquando
1461 1587 1500 1608 ex
1529 1576 1622 1608 factis
1643 1578 1717 1607 sunt
1739 1575 1934 1612 iudicandae,

322 1631 355 1660 et
377 1631 425 1660 est
445 1627 500 1659 ubi
522 1627 636 1669 viginti
657 1638 756 1659 annos
778 1631 871 1660 natus
894 1639 988 1669 puer,
1009 1629 1080 1670 plus
1101 1628 1314 1670 quadraginta
1332 1628 1514 1661 adolescens
1535 1632 1609 1669 apte
1631 1628 1764 1661 dicatur.

493 1679 554 1711 Sed
576 1680 677 1721 magis
700 1680 796 1712 etiam
818 1680 964 1712 laborare
987 1682 1132 1721 proxima
1158 1681 1312 1714 videntur.
1357 1682 1439 1714 Nam
1460 1681 1545 1723 quod
1567 1681 1720 1714 Hercules
1740 1681 1844 1713 infans
1866 1677 1935 1712 ὑπὸ

321 1734 438 1775 τροφῷ
461 1730 531 1764 αἰὲν
554 1728 700 1775 ἄδακρυς
730 1732 933 1773 praedicatur
958 1732 1066 1771 fuisse,
1088 1734 1121 1765 id
1143 1734 1183 1766 de
1205 1734 1346 1766 animoso
1367 1734 1488 1766 infante
1515 1734 1560 1766 sic
1582 1736 1667 1766 recte
1689 1732 1935 1774 praedicaretur,

325 1784 353 1815 si
377 1784 536 1816 nutricum
558 1784 688 1824 propria
710 1788 793 1817 esset
815 1785 963 1817 ferocitas
979 1785 1134 1827 quaedam
1156 1789 1189 1818 et
1209 1785 1393 1823 crudelitas,
1415 1796 1510 1827 quam
1532 1786 1599 1817 sine
1616 1785 1755 1817 lacrimis
1770 1784 1936 1816 tolerasset

321 1835 467 1867 Herculis
505 1836 657 1874 infantia,
694 1847 885 1878 quamquam
919 1849 958 1869 ne
993 1838 1054 1870 hoc
1083 1837 1210 1879 quidem
1245 1841 1319 1878 apte
1352 1838 1413 1870 hoc
1441 1838 1509 1869 loco
1537 1840 1846 1874 commemoraretur,
1880 1835 1936 1867 ubi

322 1897 386 1919 non
408 1887 546 1920 debebat
567 1887 600 1919 id
622 1887 686 1920 dici
713 1888 798 1929 quod
826 1889 1046 1921 admirabilem
1074 1890 1107 1920 in
1135 1888 1296 1921 intuendis
1324 1889 1524 1930 serpentibus
1554 1889 1773 1921 fortitudinem
1799 1887 1935 1929 quodam

322 1939 416 1972 modo
442 1938 616 1979 explicaret
645 1941 677 1970 et
702 1942 898 1977 attenuaret,
929 1940 983 1972 sed
1010 1940 1043 1971 id
1065 1941 1150 1981 quod
1178 1941 1386 1981 amplificaret
1408 1945 1440 1973 et
1469 1945 1646 1974 exornaret.
1691 1940 1822 1973 Accedit
1842 1949 1931 1980 prae-

323 1995 453 2033 postera
478 1990 611 2022 nutricis
634 1992 905 2029 commemoratio,
928 1993 1016 2023 cuius
1038 2002 1120 2033 quae
1149 1996 1223 2024 sunt
1244 2003 1376 2024 munera
1404 1993 1443 2024 iis
1471 1993 1541 2033 ipsa
1563 1995 1665 2024 mater
1686 1992 1794 2023 functa
1816 1993 1877 2028 est,
1899 1993 1935 2021 ut

325 2056 365 2078 ex
386 2044 478 2076 initio
498 2044 647 2076 carminis
668 2048 809 2085 apparet.
848 2045 896 2077 Ab
919 2046 980 2077 hac
1000 2048 1091 2086 parte
1113 2035 1282 2077 adm‘odum
1305 2046 1451 2077 convenit
1471 2045 1646 2077 Her-manni
1667 2043 1848 2076 coniectura
1870 2038 1936 2072 ὑπὸ

325 2095 462 2139 στρὸφῳ
486 2093 556 2127 αἰὲν
579 2092 742 2138 ἄδακρυν,
773 2108 824 2128 non
849 2099 1044 2128 lacrimantem
1068 2097 1122 2127 sub
1147 2098 1311 2137 Zzyammztis
1332 2097 1439 2137 quibus
1460 2107 1526 2127 eum
1549 2097 1773 2136 constm‘nyebant
1794 2096 1935 2126 dracones.

325 2147 387 2180 Sed
408 2149 442 2180 in
464 2148 523 2180 hac
544 2159 667 2189 quoque
691 2149 827 2181 lectione
848 2153 898 2181 est
919 2148 1003 2190 quod
1025 2148 1206 2188 displiceat,
1229 2148 1333 2181 debile
1356 2146 1427 2181 αἰέν
1450 2152 1482 2181 et
1509 2149 1675 2191 ambiguae
1698 2148 1938 2190 significationis

323 2199 482 2242 στρόφος.
526 2199 672 2232 Fortasse
700 2201 799 2242 igitur
821 2204 906 2233 totus
927 2210 1034 2232 versus
1059 2200 1102 2232 sic
1133 2200 1267 2240 scriptus
1288 2202 1359 2232 erat
1380 2211 1399 2232 a
1420 2203 1515 2240 poeta
1537 2197 1711 2243 ἀρτίγονον
1733 2199 1934 2243 γαλαθηνόν,
