2131 2827
327 255 346 284 4

335 332 496 365 iudicandi
519 335 591 362 sunt
619 330 653 361 hi
675 329 734 360 loci
754 327 851 360 XXII
874 330 893 359 9
921 327 976 358 ubi
999 326 1142 366 plerique
1169 324 1244 355 libri
1266 328 1394 357 tuentur
1422 325 1583 364 χαλεποῖς
1613 323 1789 366 ἐνέκυρσαν
1821 320 1947 365 ἆήταις,

335 389 367 417 et
392 383 501 415 XXIII
524 386 559 415 51
587 381 643 413 ubi
664 381 697 412 in
720 380 835 412 Aldina
857 378 958 410 altera
980 378 1013 408 id
1043 377 1126 418 quod
1149 377 1246 408 ceteri
1277 377 1351 408 libri
1379 377 1498 409 habent
1525 375 1644 418 βρόχον
1668 374 1696 407 d’
1718 374 1838 416 ἔβαλλε
1869 387 1949 416 τρα-

332 436 422 477 χήλῳ
444 437 529 466 recte
551 435 725 465 correctum
745 430 868 462 videtur
885 428 1006 470 ρ’ρόχον
1024 426 1052 459 δ’
1076 427 1233 466 ἐνέβαλλε
1251 428 1402 471 τραχήλῳ
1413 430 1461 469 *);
1485 429 1539 461 sed
1555 432 1687 469 utroque
1710 428 1778 459 loco
1794 427 1950 459 Ahrensio

335 483 496 529 ἴγκυρσαν
510 488 542 516 et
557 482 701 524 ἔμβαλλε
719 481 869 514 scribenti
890 480 1077 519 placuerunt
1097 480 1256 520 graviores
1278 481 1399 512 numeri
1422 484 1533 512 contra
1555 491 1650 521 quani
1671 480 1837 512 Theocrito
1856 479 1949 511 XVII

339 540 397 571 106
417 535 509 578 δόμῳ
530 535 577 567 ἐνὶ
600 535 689 566 πίονι
706 531 827 575 χρυσός
849 534 882 563 et
897 529 1002 562 XXIV
1027 532 1066 561 27
1087 532 1186 572 βαρεῖ
1207 530 1384 573 ἑνεδήσατο
1409 532 1527 573 δεσμῷ,
1549 543 1610 572 quo
1632 542 1715 563 nunc
1737 530 1889 562 acceditI
1910 533 1950 563 96

335 588 439 633 βαρὺν
469 586 497 619 ὸ)
521 587 567 619 ἐνὶ
597 585 709 626 θυμὸν
736 583 869 623 ἔχοισα,
902 582 948 612 uti
979 591 1061 612 nunc
1091 581 1283 613 Fritzschius
1312 583 1344 613 in
1366 582 1534 614 novissima
1565 583 1703 614 editione
1731 582 1879 614 restituit.
1909 599 1951 604 —

334 643 421 681 Quae
444 641 549 673 omnia
576 640 602 670 si
625 637 702 679 quid
725 637 845 669 habent
867 634 1118 675 probabilitatis,
1141 633 1274 665 suadent
1297 637 1331 664 ut
1357 633 1559 665 Theocritum
1583 635 1697 671 κενεᾶς
1721 632 1776 664 ἐπὶ
1802 632 1947 673 πυθμένι

335 694 439 736 χηλοῦ
459 691 589 724 consilio
612 690 774 729 scripsisse
798 686 970 718 credamus.

501 743 590 775 Vers.
614 744 658 774 13.
709 738 768 777 Τίς
788 740 853 770 τῶν
875 739 930 768 νῦν
955 733 1101 774 τοῖόςὸε;
1126 733 1175 772 τίς
1198 730 1233 765 εὖ
1257 732 1394 765 εἰπόντα
1417 734 1572 776 quincei,-

338 795 389 827 Sic
410 794 563 827 editiones
578 793 711 829 habent,
731 801 811 831 quae
828 799 890 830 quo
909 787 1002 819 modo
1017 790 1047 819 et
1063 785 1252 826 explicanda
1267 789 1299 817 et
1315 784 1567 826 interpungenda
1582 788 1699 822 essent,
1721 788 1886 816 monuerat
1901 785 1951 816 Fr.

336 848 386 879 W.
401 846 658 879 Schneidewinus
684 843 726 875 ad
749 840 912 883 Sophoclis
935 839 1009 870 Oed.
1035 838 1069 869 R.
1098 840 1185 870 1493.
1230 837 1357 867 Etenim
1380 834 1512 868 τοῖόσδε
1542 837 1612 876 quis
1638 836 1834 876 intelligatur
1855 847 1951 877 quum

342 900 377 931 in
398 897 658 939 praecedentibus
679 906 742 926 non
765 895 806 925 sit
827 892 1017 929 indicatum,
1041 892 1175 930 apparet
1189 889 1368 929 proximum
1388 888 1588 919 enunciatum
1612 898 1675 919 non
1697 889 1769 919 novi
1790 887 1880 928 quid,
1900 887 1953 919 sed

340 951 456 991 prioris
478 949 653 980 sententiae
677 947 839 979 continere
862 944 1119 984 explicationem,
1140 942 1274 973 vividius
1293 941 1450 981 prolatam
1471 941 1687 982 redintegrata
1708 941 1954 982 interrogatione

338 1013 433 1043 quam
462 1001 488 1032 si
510 1000 662 1039 scriptum
685 1000 768 1029 esset
787 995 838 1033 τίς
863 997 928 1026 τῶν
952 995 1006 1025 νῦν
1036 990 1169 1030 τοῖόςὸ),
1197 991 1267 1030 ὅτις
1290 988 1324 1023 εὖ
1356 991 1494 1023 εἰπόντα
1519 992 1672 1034 ‹pti-mni,-
1698 993 1808 1033 Itaque
1836 992 1957 1024 medius

343 1064 451 1086 versus
469 1053 589 1085 leniore
611 1051 815 1082 distinctione
835 1047 1022 1079 incidendus
1044 1051 1121 1078 erat.

511 1104 565 1135 Vs.
592 1105 636 1135 18.
681 1098 752 1133 ἀλλ’
776 1098 876 1137 εῧθΐις
896 1101 1056 1139 μυθεῖῑαι
1074 1095 1253 1139 (ἀπωτέρω
1273 1093 1294 1138 ἢ
1316 1095 1392 1138 γόνυ
1415 1093 1544 1136 κνάμα.)

342 1158 428 1190 Haec
450 1168 530 1198 quae
553 1156 597 1187 sic
619 1165 652 1186 m
675 1152 867 1186 editionibus
888 1151 1037 1192 leguntur
1059 1159 1122 1180 non
1145 1147 1265 1178 habent
1286 1157 1348 1187 quo
1371 1147 1441 1187 quis
1463 1147 1607 1185 haereat3
1629 1146 1707 1178 adeo
1729 1150 1804 1186 apta
1825 1146 1865 1178 ad
1887 1157 1955 1178 rem

342 1214 375 1243 et
398 1210 483 1242 clara
505 1208 545 1240 ad
568 1217 693 1238 sensum
715 1207 788 1236 sunt
815 1203 912 1236 verba
933 1202 1063 1243 paulum
1092 1201 1294 1231 immutatum
1317 1198 1502 1230 exhibentia
1523 1201 1633 1230 notum
1654 1199 1855 1238 proverbium
1878 1196 1954 1240 γόνυ

344 1262 467 1305 κνήμης
494 1259 619 1303 ἔγγιον,
646 1258 709 1290 vid.
731 1256 825 1288 Arist.
857 1255 920 1287 eth.
944 1253 1009 1285 Nic.
1035 1252 1083 1283 IX
1107 1253 1141 1288 8,
1165 1253 1192 1282 2.
1223 1250 1294 1281 Ath.
1317 1250 1363 1281 ΙΧ
1385 1260 1414 1290 p.
1445 1251 1505 1282 383
1526 1250 1552 1281 Β
1575 1254 1607 1282 et
1634 1250 1668 1281 in
1693 1260 1822 1290 corpore
1844 1260 1954 1290 pal-03-

342 1314 599 1356 mi0graphorum
621 1309 778 1343 Zenobius
798 1307 848 1339 III
871 1309 890 1338 2
912 1310 933 1337 t.
957 1305 972 1336 I
996 1315 1024 1344 p.
1049 1307 1098 1335 57.
1121 1301 1305 1342 Diogenian.
1331 1301 1380 1332 III
1403 1303 1443 1332 78
1466 1311 1494 1341 p.
1520 1304 1590 1334 229.
1614 1301 1742 1343 Gregor.
1766 1301 1855 1343 Cypr.
1878 1302 1893 1333 Ι
1916 1304 1957 1335 96

345 1379 375 1409 p.
400 1368 461 1400 358
485 1369 517 1397 et
540 1376 579 1396 ex
601 1363 667 1394 cod.
697 1361 795 1401 Mosq.
819 1359 851 1390 II
874 1361 914 1390 50
943 1360 965 1387 t.
994 1355 1026 1387 II
1049 1365 1078 1395 p.
1105 1358 1171 1387 106.
1202 1354 1382 1394 Apostolius
1401 1354 1430 1384 V
1456 1357 1496 1387 59
1522 1357 1544 1386 t.
1567 1354 1599 1386 II
1622 1365 1651 1395 p.
1676 1358 1745 1388 351,
1775 1355 1860 1388 Suid,
1886 1367 1908 1387 s,
1932 1367 1960 1388 v,

344 1416 422 1461 γόνυ
444 1420 475 1449 et
498 1416 623 1447 brexius
643 1413 677 1444 in
698 1410 833 1452 epistola
857 1407 1016 1440 Ciceronis
1039 1406 1080 1437 ad
1101 1406 1248 1437 Tironem
1270 1405 1347 1437 XVI
1370 1408 1425 1443 23,
1448 1409 1467 1437 2
1491 1404 1568 1447 γόνυ
1592 1406 1722 1449 κνήμης.
1759 1406 1819 1439 Sed
1843 1408 1959 1438 mirum

344 1473 452 1501 tamen
474 1466 557 1508 quod
578 1464 720 1506 quamvis
742 1462 876 1502 simplex
896 1463 928 1492 et
943 1458 1083 1491 dilucida
1102 1458 1144 1489 sit
1161 1457 1224 1488 ista
1245 1456 1454 1497 proverbialis
1476 1458 1647 1495 sententia⁷
1671 1458 1838 1490 obscurata
1852 1462 1958 1490 tamen

344 1522 461 1563 legitm-
486 1521 519 1551 in
540 1518 699 1559 plerisque
724 1514 883 1547 codicibus
912 1510 1076 1553 ἀπωτέρω
1101 1507 1121 1552 ἢ
1146 1507 1222 1551 γόνυ
1247 1506 1374 1547 κνήμας
1394 1508 1458 1540 sive
1481 1506 1606 1550 κνήμας
1629 1509 1693 1541 sive
1716 1508 1853 1552 κνήμης,
1877 1510 1962 1552 quod

344 1574 492 1606 ultimum
513 1572 547 1602 in
570 1580 625 1601 suo
648 1567 821 1607 exemplari
850 1565 971 1597 invenit
993 1562 1144 1595 Arsenius
1165 1570 1302 1601 paroem.
1326 1570 1355 1599 p.
1379 1563 1440 1593 600
1465 1560 1610 1592 Leutsch.
1655 1561 1716 1593 Sed
1743 1563 1843 1604 magis
1866 1564 1961 1596 etiam

347 1626 463 1658 mirum
486 1624 548 1659 est,
577 1619 662 1661 quod
683 1621 772 1650 vetus
795 1616 966 1649 scholiasta
987 1616 1155 1654 postquam
1177 1623 1302 1643 sensum
1324 1612 1483 1652 proverbii
1506 1613 1675 1653 explicavit
1697 1613 1776 1646 haec
1798 1614 1888 1646 addit
1911 1614 1962 1647 ἒν-

348 1676 511 1719 ήλλακται
535 1672 570 1704 δὲ
594 1668 613 1713 ἡ
638 1669 823 1713 παροιμία,
848 1667 877 1700 εἰ
900 1666 1101 1708 λεχθήσεται
1127 1664 1228 1707 χωρὶς
1253 1661 1512 1706 ὑποδιαστολῆς.
1536 1662 1605 1696 ἔδει
1627 1664 1689 1707 γὰρ
1718 1664 1824 1704 οὕτως
1847 1664 1963 1698 εἰπεῖν·

352 1725 556 1771 πορῥωτέρω
579 1721 684 1766 κνήμη
708 1721 835 1764 γόνυος.
861 1719 890 1752 εἰ
913 1720 949 1752 δὲ
971 1716 1055 1759 μετὰ
1076 1714 1340 1756 ὑποδιαστολῆς,
1367 1712 1426 1747 οὐκ
1447 1713 1655 1758 ἐνήλλακται.
1698 1716 1785 1754 Quae
1806 1717 1882 1758 quid
1904 1717 1965 1749 sibi

347 1780 461 1817 velint,
482 1788 546 1809 non
568 1777 645 1808 satis
667 1786 700 1807 se
725 1773 922 1815 perspexisse
944 1772 1063 1803 fatetur
1084 1766 1258 1800 Ahrensius
1284 1768 1306 1798 t.
1331 1765 1364 1796 II
1386 1776 1416 1806 p.
1441 1769 1502 1799 550
1533 1777 1634 1807 neque
1663 1767 1730 1807 ipse
1756 1767 1858 1799 habeo
1879 1768 1964 1809 quod

350 1830 510 1872 proferam
533 1828 613 1859 citra
633 1825 873 1857 dubitationem.
917 1821 1051 1853 Interim
1072 1817 1224 1860 quoniam
1250 1827 1313 1848 non
1335 1828 1428 1849 sensu
1449 1828 1539 1850 cassa
1558 1819 1719 1859 scripsisse
1741 1819 1968 1852 existimandus

349 1884 398 1914 est
420 1879 604 1914 scholiasta,
626 1875 815 1908 tentandum
836 1872 958 1914 aliquid
978 1871 1095 1912 putavi.
1128 1868 1211 1906 Quid
1234 1868 1260 1899 si
1276 1868 1441 1910 legebatur
1462 1870 1537 1901 olim
1552 1871 1585 1901 in
1606 1870 1795 1911 quibusdam
1809 1871 1968 1904 Theocriti

350 1930 583 1972 exemplaribus
609 1925 774 1969 ἀπωτέρω
804 1921 824 1968 ἦ
858 1923 936 1967 γόνυ
968 1920 1114 1963 κνάμας;
1150 1923 1252 1962 ecquid
1276 1933 1352 1962 yenu
1381 1926 1520 1954 remotius
1547 1927 1656 1954 crure?
1684 1927 1721 1955 ut
1751 1924 1893 1957 dicerent
1920 1925 1970 1957 illi

348 1988 516 2027 poetarum
545 1982 777 2019 contemptores
812 1976 911 2018 „quid
932 1976 1001 2006 vis?
1039 1975 1222 2015 ignotumne
1251 1974 1311 2005 tibi
1347 1974 1432 2006 istud
1462 1975 1546 2016 quod
1583 1976 1674 2007 aiunt
1703 1986 1787 2017 genu
1815 1977 1966 2008 remotius

350 2039 479 2070 crure?“
521 2031 791 2073 Quemadmodum
813 2042 839 2063 v.
862 2041 887 2062 c.
910 2029 1015 2061 Philto
1037 2027 1202 2059 Plautinus
1220 2027 1254 2057 in
1275 2026 1358 2057 Trin.
1382 2026 1414 2057 II
1436 2029 1472 2065 2,
1496 2030 1536 2059 67
1561 2037 1756 2059 communem
1779 2027 1966 2059 sententiam

504 2154 529 2186 *)
552 2154 650 2180 Similis
670 2153 797 2179 librorum
816 2152 936 2176 delectus
954 2149 1036 2175 XXIII
1057 2150 1088 2175 16
1106 2149 1233 2174 λοίσθιον
1252 2146 1302 2173 οὐκ
1325 2147 1411 2173 ἔνεικε
1430 2144 1514 2172 τόσην
1533 2145 1627 2181 φλόγα
1648 2148 1737 2172 nescio
1762 2155 1794 2171 an
1816 2148 1911 2172 rectius
1930 2147 1968 2172 sic

353 2201 478 2227 sarciatur
497 2201 623 2225 λοίσθιον
642 2195 728 2223 οὐκέτ’
748 2196 835 2222 ἔνεικε
853 2201 931 2226 quam
951 2201 1003 2225 quo
1023 2192 1104 2217 modo
1124 2193 1150 2216 in
1171 2191 1331 2217 editionibus
1350 2193 1402 2218 οὐκ
1419 2188 1517 2223 ἤνεικε.
