2072 2846
310 278 346 308 16

304 355 433 399 (πάντα
452 357 495 399 D)
515 354 650 396 μενοίνα
667 356 783 398 Δέρμα
802 366 834 386 τε
859 354 965 397 θηρὸς
989 350 1072 395 ὁρῶν
1093 355 1124 384 et
1147 363 1239 385 versu
1257 354 1404 394 proximo
1425 354 1551 394 μέμαεν
1573 353 1610 386 δέ
1631 365 1686 394 μιν
1709 352 1914 396 ἐξερέεσθαι.

306 409 444 441 Alterius
465 411 571 441 autem
592 407 783 440 recensionis
805 407 874 438 sons
894 409 941 438 est
963 405 1062 437 codex
1084 405 1245 438 Parisinus
1267 406 1314 444 M,
1336 406 1370 438 in
1389 417 1450 448 quo
1473 407 1588 449 legitur
1611 405 1675 449 νόῳ
1699 405 1736 438 δέ
1759 417 1792 437 τι
1817 403 1914 438 πόλλ’

1871 459 1886 480 η

309 486 462 528 ἐμενοίνα
479 487 595 528 λέρμα
620 485 655 515 δὲ
666 483 778 526 χειρὸς
801 482 883 514 ἑλών
903 482 1115 525 χειροπληθῆ
1137 494 1170 513 ἰο
1199 480 1338 525 κορύνιέν
1357 479 1534 515 ‘Oa-mooe»
1557 480 1575 514 ὁ
1600 482 1704 521 ξεῖνός
1728 494 1761 514 τε
1777 481 1916 522 με’μοινέ

308 551 364 578 μιν
389 537 452 569 αἰεὶ
477 536 626 576 ἔρεσθαι.
672 535 720 567 Ex
749 535 860 567 eodem
890 535 976 567 fonte
1005 534 1166 567 derivatae
1187 538 1260 566 sunt
1289 535 1442 568 lectiones
1465 536 1610 568 Vaticani
1645 537 1681 568 18
1711 535 1774 577 νόῳ
1799 534 1836 567 δέ
1865 546 1919 566 τοι

310 587 405 622 πόλλ’
437 588 588 630 ἐμενοίνα
613 607 654 612 —
684 607 726 612 —
747 588 892 628 μὲμοκνε
927 600 983 628 μιν
1011 584 1065 619 ἀεὶ
1094 584 1252 629 ἔρεσθαι,
1285 586 1492 619 Laurentiani
1521 599 1546 617 ω
1577 588 1639 620 νέω
1669 587 1705 619 δέ
1734 597 1788 617 τοι
1822 581 1918 617 πόλλ’

312 640 465 682 ἐμενοίνα
484 659 527 664 -
549 659 590 664 -
620 641 759 681 με’μοινε
792 639 829 672 δέ
851 651 908 680 μιν
932 636 985 671 ἀεὶ
1013 637 1170 681 ἔρεσθαι,
1202 638 1338 680 denique
1359 639 1506 671 Vaticani
1534 642 1554 672 9
1584 639 1646 672 νέω
1677 639 1714 671 δέ
1742 650 1795 670 τοι
1824 635 1919 670 πόλλ’

311 691 464 733 ἐμενοίνα
485 710 526 715 -
552 710 587 714 --
612 691 736 731 μέμονε
759 690 795 722 δέ
816 702 873 730 μιν
898 689 963 722 αἰεὶ
986 687 1143 733 ἔρεσθαις
1166 689 1205 721 do
1227 689 1382 722 Vaticano
1406 694 1440 723 11
1465 691 1545 722 nihil
1566 690 1701 723 relatum
1722 689 1813 722 video
1835 687 1921 729 apud

309 744 499 776 Ahrensium
527 746 748 784 praeterquam
779 741 818 774 δέ
848 753 901 773 τοι
927 741 1049 782 primae
1072 752 1183 773 manus
1205 746 1348 774 correct-a
1369 754 1438 775 esse
1470 743 1511 776 ab
1541 743 1643 775 altera
1665 742 1702 774 δέ
1724 754 1766 774 τι.
1812 741 1850 773 In
1871 741 1922 773 his

308 795 446 836 primum
467 793 558 826 facile
574 796 721 834 apparet,
738 804 794 825 cur
815 803 873 833 pro
901 804 938 825 eo
959 792 1043 834 quod
1066 793 1098 824 iu
1122 793 1295 835 archetypo
1317 794 1424 836 aliquo
1446 795 1602 827 invenisse
1622 794 1683 826 sibi
1705 794 1811 826 scriba
1832 792 1917 825 vide-

309 846 403 878 batur
426 845 462 877 δέ
483 858 513 877 τι
531 848 662 886 propter
678 856 803 877 sensum
825 845 865 877 ab
881 845 953 877 aliis
972 845 1177 878 substitutum
1194 844 1234 875 sit
1251 844 1289 876 δέ
1304 857 1355 876 τοι
1378 849 1489 878 contra
1503 850 1652 883 metrum,
1668 846 1708 878 ab
1725 845 1920 878 acutioribus

312 896 339 929 δ’
365 897 420 938 ὅγε
443 900 475 929 et
495 897 600 929 sensui
623 900 655 929 et
676 900 777 929 metro
793 897 1029 933 convenienter,
1052 906 1165 937 parum
1181 900 1391 938 congruenter
1413 901 1449 930 ut
1470 898 1594 930 videtur
1613 902 1755 930 veterum
1774 897 1922 930 ductibus

309 949 482 981 literarum.
527 948 588 980 Sed
610 953 695 980 recte
712 949 906 981 Meinekium
922 949 1005 981 hanc
1028 949 1218 989 scripturam
1238 949 1426 989 praetulisse
1442 950 1546 982 iudico
1559 950 1757 982 coniecturae
1772 949 1922 981 Ahrensii

309 998 374 1042 νόῳ
397 995 426 1030 δ’
448 997 497 1031 ἔτι
521 996 617 1031 πόλλ’
641 998 808 1039 ἐμενοίνα,
840 1003 884 1030 sic
907 1000 995 1039 *fatus
1025 1002 1127 1031 anteiit
1156 1003 1182 1031 et
1210 1004 1359 1041 praeterea
1383 1004 1474 1033 multa
1495 1013 1590 1033 secum
1614 1003 1772 1043 reputabat.
1818 1000 1924 1033 Media

310 1051 406 1082 verba
426 1051 513 1082 nulla
533 1050 691 1083 dubitatio
713 1062 780 1083 esse
807 1054 912 1092 potest
934 1052 1010 1093 quin
1033 1064 1104 1086 vere
1127 1057 1183 1086 aut
1204 1054 1286 1087 lecta
1308 1058 1363 1087 aut
1384 1059 1526 1088 correcta
1554 1057 1618 1088 sint
1647 1066 1666 1088 a
1688 1055 1835 1087 Iuntinae
1864 1064 1917 1087 au-

310 1102 450 1134 cton‘bus
467 1102 572 1145 δέρμα
588 1114 622 1133 τε
640 1102 747 1145 θηρὸς
763 1098 859 1145 ὁρῶν·
883 1114 957 1135 nam
973 1104 1065 1146 longe
1088 1106 1192 1146 aptior
1211 1106 1337 1138 videtur
1352 1107 1431 1140 haec
1451 1108 1609 1140 sententia
1629 1109 1699 1138 clam
1716 1107 1923 1147 contemplatur

306 1157 410 1196 pellem
432 1166 465 1185 ac
487 1156 593 1186 claram
617 1165 654 1187 ea
674 1165 768 1195 quam
783 1155 960 1188 Meinekius
980 1160 1108 1197 recepta
1126 1157 1308 1190 coniectura
1329 1156 1407 1190 ἰδών
1428 1159 1579 1200 praetulit
1596 1162 1749 1200 postquam
1773 1159 1921 1199 conspexit

309 1209 425 1248 pellem.
459 1206 612 1238 Extrema
632 1211 738 1239 autem
761 1218 858 1248 quum
878 1208 1048 1240 admodum
1072 1209 1200 1241 turbata
1222 1210 1286 1241 sint
1304 1211 1338 1242 in
1360 1210 1466 1243 codice
1489 1212 1630 1243 Parisino
1650 1211 1696 1247 M,
1718 1214 1825 1242 tamen
1847 1210 1926 1242 satis

313 1259 413 1291 muita
434 1262 556 1291 restant
576 1259 710 1300 vestigia
732 1260 800 1291 eius
821 1259 967 1292 lectionis
988 1271 1083 1301 quam
1106 1260 1256 1292 exhibere
1279 1261 1412 1293 voluisse
1439 1262 1562 1293 videtur
1583 1262 1748 1294 librarius.
1771 1262 1921 1294 nimirum

312 1313 394 1345 hanc
416 1311 481 1354 νόῳ
505 1313 543 1345 δέ
564 1324 596 1343 τι
621 1309 718 1343 πόλλ’
744 1311 898 1352 ἐμενοίνα
920 1313 1038 1354 Δέρμα
1061 1324 1096 1344 τε
1119 1311 1228 1354 θηρὸς
1254 1311 1333 1344 ἰδών
1353 1313 1568 1355 χειροπληθῆ
1588 1325 1623 1345 τε
1646 1312 1795 1355 κορύνην.
1836 1310 1922 1344 ‘On-

316 1362 425 1396 πόθεν
449 1361 466 1395 ὁ
492 1365 614 1403 ξεῖνος,
637 1364 773 1406 μενέηνέ
794 1377 851 1404 μιν
876 1362 947 1396 αἶς-’ν
969 1363 1120 1407 ἐρέσθαι.
1168 1364 1235 1396 Iam
1261 1375 1331 1396 mea
1359 1365 1586 1406 qualiscunque
1609 1364 1648 1397 de
1669 1368 1736 1396 toto
1755 1365 1825 1396 loco
1854 1375 1922 1398 sen-

312 1415 413 1448 tentia
435 1415 513 1447 haec
535 1418 597 1447 est:
623 1415 725 1455 primo
747 1426 838 1447 versu
860 1415 1030 1457 genuinam
1052 1419 1163 1456 poetae
1187 1427 1315 1448 manum
1335 1416 1434 1449 latere
1454 1417 1489 1448 in
1511 1416 1617 1449 codice
1639 1416 1782 1448 Parisino
1805 1414 1870 1458 νόῳ
1895 1413 1924 1448 δ’

314 1467 371 1499 ἐπὶ
401 1464 497 1499 πόλλ’
522 1466 675 1507 ἐμενοίνα
697 1478 770 1500 raro
793 1479 895 1509 neque
929 1468 1007 1500 alias
1029 1468 1110 1500 lecto
1138 1469 1290 1501 vocabulo
1323 1469 1554 1509 ἐπιμενοιιίἳν,
1581 1468 1845 1510 quemadmodum
1873 1467 1926 1500 ἑκ-

315 1519 486 1558 μυθὲομαι
510 1529 648 1560 quoque,
672 1519 755 1560 quod
779 1522 827 1552 est
846 1530 942 1560 supra
961 1531 1054 1552 versu
1076 1522 1110 1557 3,
1136 1523 1266 1560 propter
1289 1520 1503 1560 exemplorum
1531 1520 1697 1552 raritatem
1719 1519 1800 1561 fugit
1822 1520 1923 1552 aciem

313 1568 561 1601 instauratorum
594 1569 746 1602 Thesauri
785 1570 912 1609 Graeci3
948 1574 997 1603 est
1026 1574 1132 1602 tamen
1168 1570 1269 1602 forma
1307 1582 1427 1612 usuque
1460 1572 1561 1603 simile
1592 1572 1686 1604 verbo
1723 1570 1929 1612 ἐπιμαίομαι

313 1619 397 1661 quod
430 1620 541 1652 eodem
579 1632 671 1652 sensu
712 1623 874 1662 usurpavit
911 1622 1096 1662 Apollonius
1130 1621 1230 1653 Rhod.
1263 1621 1312 1653 ΙΙΙ
1350 1624 1412 1655 816
1453 1620 1544 1654 ἔτεόν
1576 1634 1611 1664 γε
1645 1620 1710 1664 νόῳ
1745 1621 1925 1662 ἐπεμαίεθ’

315 1670 438 1703 ἕκαστα
446 1672 487 1712 *).
507 1691 550 1695 -
571 1672 661 1711 Quod
682 1674 797 1706 attinet
820 1674 860 1706 ad
882 1674 1008 1711 ultima,
1031 1673 1193 1705 consentio
1223 1684 1294 1705 cum
1312 1674 1505 1707 Buttmanuo
1527 1675 1582 1716 qui
1610 1686 1740 1717 gramm.
1761 1686 1892 1717 graecae
1910 1676 1926 1708 Ι

473 1760 499 1792 ²³)
518 1761 618 1786 Nomen
645 1762 804 1787 adiectivum
821 1761 1009 1797 χειροηληθὴς
1029 1765 1099 1795 quod
1121 1768 1161 1789 est
1189 1766 1214 1790 in
1236 1765 1316 1790 attero
1342 1774 1419 1790 versu
1446 1769 1550 1791 revocat
1575 1768 1600 1791 in
1629 1769 1781 1793 memoriam
1807 1769 1927 1793 eiusdem

317 1806 516 1837 compositionis
535 1806 708 1838 adiectu-um,
729 1807 800 1838 quod
820 1806 907 1832 adhuc
926 1807 999 1832 latuit
1025 1808 1051 1832 in
1072 1810 1166 1835 vitiosa
1184 1810 1309 1835 librorum
1335 1811 1468 1843 scriptura.
1509 1812 1584 1842 Quod
1603 1813 1671 1838 enim
1692 1813 1771 1845 vulgo
1791 1813 1885 1845 legitur
1901 1814 1928 1838 in

316 1848 469 1874 Naumachii
494 1849 652 1881 nuptialibus
679 1851 783 1875 monitis
805 1859 883 1876 versu
903 1852 918 1875 3
938 1852 1021 1880 (Stob.
1042 1852 1098 1878 ssor.
1120 1852 1222 1878 vant
1242 1855 1266 1882 5)
1286 1852 1356 1887 μήτε
1380 1853 1556 1888 ‚iant-rhium*
1580 1854 1708 1890 λαγόνων
1734 1859 1797 1891 περὶ
1820 1854 1928 1891 φόρτον

317 1889 443 1926 ἄγουσαν
463 1893 628 1918 coniecturae
641 1894 767 1925 debetur,
782 1895 884 1919 codicis
903 1898 928 1919 et
947 1895 1070 1921 editionis
1084 1897 1208 1929 principis
1227 1898 1354 1930 scriptura
1371 1899 1552 1932 βαρυτληθιῦν
1567 1901 1659 1929 errori;
1681 1908 1742 1925 vera
1759 1901 1837 1926 tectio
1855 1901 1927 1927 haud

320 1936 401 1962 dubie
416 1937 665 1969 estssa91·r15.r13‹fi›¹.
698 1937 763 1962 Nam
783 1936 880 1963 ὀδύναι
905 1938 1010 1970 quidem
1034 1944 1102 1965 recte
1121 1942 1243 1967 dicuntur
1260 1941 1435 1977 βαριίλητοι,
1456 1948 1524 1969 recte
1542 1946 1618 1970 etiam
1635 1943 1799 1979 βαρύτλητος
1817 1945 1928 1980 φόρτος,

317 1989 370 2006 non
389 1982 450 2006 item
473 1979 588 2015 λαγόνις
605 1980 774 2015 βαρύτλητοι.
811 1982 938 2008 Eiusdem
957 1985 1078 2009 carminis
1102 1994 1179 2011 versu
1199 1986 1231 2010 24
1255 1985 1339 2017 (Stob.
1360 1987 1415 2013 ssor.
1437 1987 1538 2013 Lxxlv
1557 1990 1593 2021 7),
1614 1994 1641 2015 ut
1660 1991 1710 2016 hoc
1732 1992 1758 2016 in
1779 1995 1929 2018 transcursu

317 2034 455 2057 moneam,
473 2026 615 2058 legendum
633 2026 737 2051 videtur
754 2028 798 2051 καὶ
821 2027 910 2060 μηδὲν
936 2025 1046 2053 {wolfo
1065 2029 1134 2062 μηδὲ
1155 2027 1276 2055 κελεύειν
1295 2031 1339 2066 Σῇ
1365 2032 1450 2065 ῥέζειν
1475 2031 1572 2065 ἰότητι.
1595 2043 1653 2059 neve
1673 2040 1698 2060 tu
1717 2036 1801 2060 timide
1825 2036 1926 2060 occlude

316 2069 424 2100 linquam
443 2077 501 2093 neve
520 2069 556 2093 ad
573 2075 639 2093 tuom
658 2069 802 2094 volunlatem
827 2078 885 2101 σομε
906 2071 994 2100 lacere
1018 2078 1063 2102 pro
1083 2079 1114 2096 eo
1139 2073 1210 2104 quod
1230 2077 1270 2098 est
1289 2074 1313 2099 in
1336 2075 1429 2100 codiee
1448 2077 1538 2109 μηδὲν
1563 2075 1676 2111 ὑπίσχεο
1701 2081 1726 2103 et
1745 2079 1815 2110 quod
1836 2083 1927 2104 contra

319 2113 420 2138 codicis
438 2113 616 2137 auctoritatem
637 2112 733 2144 legitur
750 2113 776 2137 in
794 2113 955 2138 editionibus
974 2114 1074 2139 κέλευε.
1093 2127 1127 2132 -—-
1145 2113 1198 2139 Sed
1218 2115 1244 2140 in
1264 2116 1316 2141 hoc
1335 2117 1393 2149 ipso
1413 2117 1542 2144 Theocriti
1562 2120 1677 2145 carmine
1695 2128 1787 2146 vereor
1806 2129 1839 2146 ne
1858 2121 1929 2147 aliud

319 2157 396 2182 lateat
414 2156 573 2182 vocabulum
594 2156 681 2181 adhuc
702 2165 754 2181 non
772 2156 914 2188 cognitum.
944 2155 1039 2182 Verum
1058 2159 1128 2183 enim
1144 2159 1208 2184 mihi
1222 2160 1325 2186 videtur
1340 2162 1410 2193 quod
1431 2170 1507 2187 versu
1527 2164 1576 2188 203
1596 2168 1707 2196 praestat
1721 2166 1780 2191 cod.
1792 2166 1926 2193 Parisinus

318 2200 339 2224 D
361 2201 389 2225 οἵ
405 2199 470 2225 ἑθεν
488 2198 659 2234 ιῖγχόμοροι,
681 2202 696 2226 i.
718 2208 740 2226 e.
763 2201 876 2232 proxime
896 2201 983 2231 vicini,
1002 2212 1037 2222 =
1055 2200 1203 2236 ιῖγχοῦροι,
1225 2204 1295 2228 unde
1316 2212 1393 2236 quam
1419 2213 1501 2238 prona
1521 2206 1596 2232 suerit
1615 2208 1741 2234 aberratio
1761 2209 1795 2234 ad
1819 2210 1928 2235 vitiosas

317 2245 448 2270 lectiones
466 2244 628 2280 &27:1110001.
648 2245 810 2279 ἀγχίμολοι,
830 2242 946 2279 ἄγχιστα
965 2246 1129 2271 manifestum
1149 2250 1196 2272 cst.
